2180 3482
738 242 791 275 De
816 241 974 276 vasculis
1000 242 1199 284 cyrenaicis
1735 241 1814 281 123

128 349 260 391 misse
293 363 382 392 non
415 351 481 391 est
513 346 641 390 facile
674 347 729 389 ad
755 347 1038 389 credendum.
1094 346 1209 398 Quin
1244 347 1388 393 etiam.
1422 345 1624 402 quamvis
1657 358 1814 387 conce-

130 420 284 462 damus
317 419 437 461 illum
477 432 711 469 conexum,
755 431 887 473 quem
921 416 1102 458 dubium
1142 431 1237 459 esse
1276 417 1479 468 diximus,
1523 415 1814 459 certissimum

129 503 238 541 esse,
273 489 378 545 quid
400 487 584 544 impedit
606 487 841 543 quominus
865 486 1097 542 opinemur
1124 486 1226 530 inde
1248 487 1302 529 ab
1334 486 1639 542 antiquissima
1670 487 1817 527 aetate

128 559 309 603 vascula
331 558 532 613 Cyrenis,
567 557 938 613 quemadmodum
971 556 1015 598 in
1048 557 1207 599 multas
1230 557 1335 599 alias
1358 557 1503 608 urbes,
1538 571 1646 612 quas
1675 569 1818 611 nuper

127 629 482 680 memoravimus,
506 628 567 670 ita
590 641 768 683 quoque
792 628 994 683 Spartam
1019 631 1252 683 exportata
1276 628 1400 670 esse?
1425 627 1582 669 Nonne
1605 626 1650 667 in
1673 626 1816 681 sepul-

129 700 212 742 cris
229 699 366 742 tuscis
386 713 493 742 vasa
511 698 646 741 attica
663 698 895 740 innumera
914 698 968 740 ab
992 698 1308 754 antiquissimis
1331 711 1472 753 usque
1496 697 1549 738 ad
1568 695 1817 739 recentissi-

128 785 200 812 ma
221 773 423 825 tempora
446 769 626 812 cottidie
649 768 967 811 inveniuntur?
1000 769 1070 810 An
1094 768 1197 811 inde
1220 768 1574 810 concludendum
1602 769 1681 817 est,
1715 766 1819 808 inde

129 840 408 883 concluditur
439 854 546 883 vasa
579 839 714 882 attica
741 839 849 881 falso
883 838 1017 881 attica
1050 838 1210 890 vocari,
1254 839 1408 881 eadem
1442 840 1618 880 etrusca
1650 850 1746 878 esse
1762 835 1817 887 ¹)‘?

245 910 304 952 At
334 911 445 952 haec
478 910 563 952 iam
596 910 836 961 mittamus,
871 909 956 950 iam
987 909 1283 951 concedamus
1315 909 1427 950 haec
1459 907 1640 951 vascula
1671 905 1819 948 omnia

130 981 317 1037 Spartae
348 980 533 1024 inventa
564 980 618 1022 ab
652 979 895 1022 artificibus
930 978 1272 1021 lacedaemoniis
1300 981 1343 1021 et
1365 977 1472 1020 ficta
1505 980 1548 1019 et
1580 977 1699 1032 picta
1723 989 1819 1018 esse

129 1052 265 1108 (quod
298 1065 405 1094 sane
436 1050 686 1106 praefracte
708 1064 797 1092 non
819 1064 954 1104 nego;
989 1063 1091 1091 nam
1114 1048 1210 1091 fieri
1232 1048 1376 1104 potuit
1398 1050 1446 1089 ut
1480 1047 1672 1089 artifices
1704 1047 1819 1088 lace-

129 1121 350 1165 daemonii
389 1121 588 1176 Cyrenas
631 1121 872 1176 migrarent
911 1120 1061 1175 ibique
1104 1119 1312 1174 poculum
1356 1118 1474 1169 illud,
1520 1118 1638 1173 quod
1681 1131 1820 1158 unum

132 1195 254 1235 certa
276 1191 457 1247 originis
493 1190 750 1247 cyrenensis
783 1190 944 1232 indicia
966 1203 1072 1245 prae
1099 1203 1147 1232 se
1168 1188 1268 1241 fert,
1295 1188 1517 1243 fingerent
1542 1188 1818 1243 pingerent);

130 1262 235 1319 quid
273 1265 424 1305 tamen
464 1262 567 1304 inde
614 1261 833 1304 redundet
874 1261 929 1302 ad
973 1260 1262 1311 noscendum,
1309 1273 1423 1315 quae
1469 1257 1821 1301 necessitudines

129 1331 491 1375 Lacedaemoniis
531 1347 629 1374 cum
665 1331 909 1386 Cyrenaeis
957 1330 1302 1382 intercesserint,
1344 1330 1538 1372 nondum
1588 1327 1819 1385 perspicio.

129 1403 241 1446 Illud
284 1418 423 1445 unum
467 1403 675 1458 poculum
715 1402 994 1457 Cyrenaeum
1041 1404 1125 1453 est,
1175 1416 1253 1443 rex
1297 1400 1371 1456 qui
1415 1400 1473 1441 ibi
1518 1399 1695 1442 effictus
1741 1401 1820 1450 est,

129 1473 380 1517 Arcesilaus
412 1474 465 1515 ΙΙ.
501 1487 597 1516 6556
630 1473 819 1524 videtur,
863 1471 938 1528 qui
969 1471 1113 1514 medio
1145 1471 1239 1514 fere
1272 1471 1447 1514 saeculo
1482 1471 1554 1513 VI.
1589 1469 1819 1525 regnavit,

130 1544 174 1586 id
207 1544 324 1601 quod
358 1543 656 1600 compluribus
690 1557 745 1586 ex
779 1542 1052 1598 argumentis
1085 1541 1385 1593 concluditur;
1420 1556 1498 1585 vas
1533 1541 1648 1583 enim
1683 1540 1822 1583 simile

130 1614 333 1671 Daphnis
356 1614 589 1658 inventum
611 1613 823 1670 peculiari
845 1614 900 1656 de
923 1627 1056 1655 causa
1078 1627 1195 1655 anno
1224 1615 1308 1654 555
1337 1611 1586 1655 necessario
1621 1608 1841 1667 superius'

132 1688 215 1739 est;
241 1685 357 1728 inter
377 1685 629 1741 fragmenta
651 1685 933 1728 vasculorum
957 1686 1265 1739 spartanorum
1290 1682 1485 1725 eiusdem
1509 1681 1685 1737 generis
1706 1680 1823 1723 tituli

131 1756 304 1799 inventi
345 1759 449 1798 sunt
489 1755 645 1797 litteris
678 1755 772 1798 VII.
809 1754 972 1797 saeculi
1015 1753 1219 1797 exeuntis
1261 1754 1333 1796 vel
1371 1753 1444 1795 VI.
1478 1752 1672 1795 ineuntis
1717 1766 1821 1794 con-

130 1825 338 1883 scriptiff).
403 1826 449 1869 Si
496 1826 630 1881 igitur
676 1825 870 1868 artifices
911 1823 1229 1867 lacedaemonii
1272 1823 1471 1878 Cyrenas
1517 1822 1823 1877 migraverunt

130 1897 201 1941 vel
235 1897 518 1952 Cyrenenses
563 1899 701 1939 artem
741 1894 1193 1939 Lacedaemoniorum
1236 1893 1394 1936 imitati
1441 1895 1558 1945 sunt,
1604 1893 1647 1934 id
1695 1894 1821 1935 sexto

130 1968 307 2011 demum
349 1968 532 2010 ineunte
577 1967 752 2010 saeculo
795 1966 1011 2009 fecerunt.
1077 1965 1277 2020 Cyrenas
1322 1978 1427 2007 vero
1473 1967 1599 2007 sexto
1646 1964 1822 2006 demum

131 2039 306 2082 saeculo
340 2053 365 2080 a
398 2038 561 2094 Sparta
593 2037 719 2094 quasi
751 2038 985 2093 adoptatas
1018 2049 1115 2079 esse
1146 2035 1229 2092 ipsi
1263 2034 1584 2086 contendimus
1625 2034 1822 2090 quando-

133 2109 310 2165 quidem
350 2108 660 2151 contendimus
697 2109 782 2150 hac
820 2107 914 2150 fere
952 2109 1099 2150 aetate
1136 2106 1332 2148 fabulam
1371 2106 1426 2148 de
1463 2106 1609 2147 Thera
1647 2103 1824 2146 condita

131 2194 232 2222 cum
253 2179 403 2222 fabula
435 2180 489 2222 de
512 2180 643 2221 Batto
677 2178 978 2221 consociatam
1012 2178 1164 2229 65563).
1215 2177 1249 2218 Ε
1274 2176 1549 2219 commerciis
1582 2181 1737 2218 contra
1769 2175 1823 2217 de

131 2250 393 2306 populorum
434 2249 773 2305 cognationibus
807 2248 982 2305 quidvis
1021 2248 1286 2290 concludere
1318 2246 1601 2290 temerarium
1635 2249 1713 2288 est.
1778 2244 1824 2287 Si

131 2320 229 2377 quis
252 2334 357 2364 vero
386 2321 629 2363 contendat
661 2320 868 2376 poculum
891 2318 1104 2361 Arcesilai
1125 2318 1270 2374 ipsum
1294 2317 1481 2373 Spartae
1513 2316 1682 2368 fictum,
1717 2330 1823 2371 qua-

132 2405 236 2433 nam
268 2390 440 2433 ratione
471 2391 507 2433 is
530 2390 616 2433 iam
640 2391 943 2433 demonstrare
965 2389 1127 2445 poterit
1152 2388 1353 2444 Cyrenas
1384 2388 1544 2443 Sparta
1576 2389 1695 2429 ortas
1728 2399 1825 2428 esse

130 2461 215 2503 nisi
246 2461 407 2503 fabulis
439 2460 775 2516 diligentissime
812 2459 1099 2516 ponderatis?
1162 2459 1275 2500 Nam
1308 2457 1496 2513 Cyrenis
1528 2457 1649 2499 nulla
1681 2457 1825 2498 adhuc

250 2626 276 2670 ¹)
302 2627 380 2661 Hoc
394 2629 648 2670 argumentum
662 2625 816 2669 protulit,
830 2624 1064 2669 Studniczka,
1084 2623 1190 2658 Arch.
1209 2623 1331 2658 Jahrb.
1344 2623 1464 2658 XXVI
1478 2623 1577 2666 1911,
1599 2622 1676 2665 158,
1696 2621 1776 2656 adn.
1792 2621 1823 2655 2.

249 2685 277 2730 2)
304 2685 375 2720 Cir.
394 2685 581 2728 Dawkins‚
607 2684 700 2718 Ann.
719 2684 806 2719 XVI
823 2682 941 2721 28s'29.

250 2744 276 2788 3)
303 2744 427 2787 Neque
452 2747 576 2778 tamen
601 2743 682 2778 urbi
709 2754 814 2785 quam
843 2743 996 2776 Dorieus
1015 2741 1304 2776 lacedaemonius
1330 2741 1374 2775 ad
1400 2740 1532 2775 flumen
1550 2739 1725 2782 Cinypem
1743 2748 1824 2772 con-

132 2802 227 2837 didit
251 2802 328 2846 (cfr.
348 2803 478 2837 Herod.
497 2803 530 2838 V
545 2802 615 2847 42),
642 2802 794 2836 multum
814 2803 850 2835 in
868 2801 936 2835 hac
954 2800 1077 2835 fabula
1102 2800 1239 2842 tribum
1267 2810 1485 2841 quamquam
1511 2799 1605 2833 enim
1630 2797 1826 2832 verisimile

132 2871 219 2895 sane
246 2864 302 2896 est,
328 2861 531 2904 Cyrenaeos
556 2861 611 2895 illi
636 2860 834 2895 auxiliatos
861 2870 948 2902 esse,
987 2870 1067 2893 cum
1092 2860 1307 2902 praesertim
1333 2858 1486 2892 Theraei
1511 2857 1567 2891 illi
1592 2857 1722 2890 ducum
1747 2855 1824 2890 loco

130 2919 296 2963 fuissent,
322 2930 393 2954 non
411 2920 517 2955 facile
535 2930 575 2954 eo
593 2919 820 2962 inclinamus,
852 2922 894 2953 ut
912 2919 1159 2953 existimemus
1185 2921 1339 2952 exeunte
1365 2918 1438 2951 iam
1461 2917 1519 2952 VI.
1539 2915 1680 2951 saeculo
1706 2915 1763 2949 vel
1781 2915 1824 2950 V.

131 2979 280 3013 ineunte
305 2978 399 3013 tales
425 2979 535 3013 etiam
561 2982 637 3013 tum
665 2978 808 3013 fabulas
834 2978 1062 3022 excogitatas
1089 2986 1165 3011 esse
1190 2986 1298 3018 quam
1323 2976 1526 3010 Herodotus
1553 2975 1826 3017 antiquissimas

134 3037 306 3072 crederet.
356 3037 507 3072 Accedit
533 3037 625 3080 quod
653 3037 788 3080 Cinyps
814 3037 906 3071 satis
931 3036 1037 3080 longe
1063 3046 1084 3069 a
1111 3035 1260 3078 Cyrenis
1285 3034 1377 3069 flujt.
