2180 3482
375 229 426 268 14
1014 225 1067 259 De
1093 224 1224 267 hymno
1250 224 1429 268 Apollinis

369 333 506 385 ξέναν
534 330 762 373 Ταντάλου
789 331 976 386 Σιπύλῳ
1003 331 1117 386 πρὸς
1145 333 1307 387 ἄντρῳ,
1334 332 1416 373 τὰν
1442 332 1587 385 κισσὸς
1612 335 1670 385 ὡς
1694 334 1853 387 ἀτενὴς
1876 335 2066 388 πετραία

369 404 537 458 βλάστα
557 402 770 455 δάμασεν)
794 400 944 442 nescio
968 415 1025 442 an
1048 400 1153 442 illud
1176 402 1225 443 ἐν
1250 402 1430 457 Φρυγίῃ,
1454 400 1498 442 id
1522 404 1588 443 est
1611 400 1656 442 in
1679 401 1846 456 Sipylo,
1870 401 2062 444 fluxerit.

369 473 648 527 Quamquam
689 471 815 512 multi
861 485 916 513 ex
958 470 1152 527 antiquis
1194 471 1482 527 scriptoribus
1527 471 1694 526 Lydiae
1734 474 1907 527 partem
1949 471 2065 514 circa

369 543 571 599 Sipylum
613 541 852 596 Phrygiam
895 541 1115 593 dixerunt,
1159 544 1207 582 ut
1250 541 1408 583 Strabo
1452 541 1555 594 (XII
1588 544 1686 593 571,
1718 557 1760 597 p.
1795 544 1893 593 803,
1934 545 1948 583 1
1986 543 2062 598 Μ.)

366 616 572 656 testatur:
607 615 680 655 καὶ
703 615 784 668 τὴν
806 614 908 668 περὶ
925 613 1127 654 Σίπυλον
1148 613 1345 668 Φρυγίαν
1371 615 1411 654 οἵ
1435 613 1619 655 παλαιοὶ
1642 614 1872 662 καλοῦσιν,
1892 613 2063 668 ἄὸηλον

366 689 452 727 εἴτε
485 690 561 740 τῆς
592 685 787 738 μεγάλης
822 687 908 725 εἴτε
942 687 1017 737 τῆς
1048 687 1210 738 μικρᾶς
1240 684 1375 738 μέρος
1399 686 1550 734 οὖσαν,
1574 683 1600 739 ᾗ
1624 686 1699 725 καὶ
1721 685 1799 725 τὸν
1828 683 2062 725 Τάνταλον

366 756 517 812 Φρύγα
550 756 622 796 καὶ
655 755 733 796 τὸν
765 754 956 795 Πέλοπα
989 755 1063 795 καὶ
1095 755 1176 808 τὴν
1208 753 1399 808 Νιόβην.
1452 752 1622 794 Eodem
1653 751 1842 794 fortasse
1875 755 2061 808 spectat,

367 826 485 881 quod
516 824 763 879 Aeschylus
804 823 848 864 in
882 823 1024 865 Nioba
1056 822 1291 864 Tantalum
1324 822 1368 863 in
1400 823 1479 864 Ida
1509 823 1733 865 habitasse
1766 822 2062 877 compluriens

365 896 488 947 dixit,
528 899 573 937 ut
615 897 806 937 testatur
850 893 965 936 idem
1004 892 1098 936 sive
1144 893 1302 935 Strabo
1349 892 1443 935 sive
1486 892 1776 947 Demetrius¹)
1820 893 1922 946 (XII
1962 896 2060 944 579,

362 982 404 1022 p.
439 969 537 1017 814,
572 968 627 1007 <28
661 965 748 1019 M.).
795 991 845 994 —
888 964 938 1005 In
972 963 1104 1006 variis
1145 963 1240 1005 saxi
1278 963 1506 1006 vocabulis
1548 962 1656 1005 mire
1694 963 1818 1015 ludit,
1858 967 1907 1004 ut
1945 963 2061 1006 idem

363 1038 596 1093 ὁακρυόεις
613 1038 787 1092 πέτρος,
806 1038 901 1076 tum
919 1035 1063 1091 ὁιερός
1079 1036 1222 1086 λίθος,
1240 1037 1334 1075 tum
1351 1036 1591 1090 μάρμαρον
1615 1033 1875 1089 appelletur.
1911 1033 2061 1076 Voluit

363 1107 479 1150 enim
512 1106 687 1149 Nioben
719 1106 774 1147 ab
807 1105 1011 1147 omnibus
1050 1104 1261 1159 intellegi,
1305 1118 1406 1146 cum
1438 1107 1589 1146 tamen
1622 1104 1837 1146 scelestae
1868 1103 2061 1147 feminae

362 1192 525 1221 nomen
553 1177 591 1220 ei
618 1177 661 1218 in
690 1190 814 1218 sacro
843 1189 1188 1218 commemorare
1213 1189 1304 1217 non
1330 1174 1496 1226 liceret,
1523 1188 1581 1217 ne
1607 1177 1836 1231 εὐφημίαν
1859 1175 2056 1217 violaret.

362 1249 512 1292 Simile
547 1251 613 1291 est
646 1247 763 1303 quod
796 1247 912 1289 idem
943 1246 1099 1301 Apollo
1135 1246 1192 1299 (h.
1227 1245 1272 1286 in
1303 1246 1399 1288 Del.
1435 1261 1476 1288 v.
1511 1248 1566 1287 96
1600 1250 1713 1300 sqq.)
1748 1244 1920 1287 Nioben
1954 1245 2059 1288 item

360 1335 450 1362 non
474 1319 686 1370 nominat„
704 1317 789 1359 nisi
811 1316 926 1359 forte
948 1316 1053 1358 illud
1075 1315 1223 1371 potius
1242 1317 1296 1358 ad
1319 1315 1634 1358 obscuritatem
1652 1315 1697 1356 in
1714 1315 1902 1358 oraculis
1925 1330 2058 1372 quae—

360 1390 488 1432 sitam
526 1388 809 1432 referendum
849 1390 927 1438 est,
970 1387 1046 1429 sed
1080 1386 1154 1442 qui
1194 1386 1357 1429 diceret
1399 1388 1599 1442 εὐαγέων
1639 1387 1687 1428 ὁὲ
1718 1389 1792 1429 καὶ
1825 1389 2058 1442 εὐαγὲεσσι

357 1462 590 1516 μελοίμην,
634 1459 705 1501 ille
743 1458 841 1500 fieri
878 1457 1023 1513 potuit
1064 1460 1113 1498 ut
1151 1459 1324 1512 ἐναγεῖς
1361 1456 1592 1499 nominare
1622 1456 1772 1499 nollet.
1815 1483 1868 1486 ——
1910 1457 2056 1500 Verbo

357 1538 516 1587 χανεῖν
548 1530 665 1572 idem
696 1528 895 1583 regimen
929 1528 1048 1583 quod
1074 1526 1249 1569 dicendi
1272 1527 1419 1570 verbis
1443 1526 1638 1580 additur3
1672 1527 1895 1583 Aristoph.
1925 1528 2054 1583 Vesp.

359 1604 444 1643 342
477 1601 562 1643 iam
597 1599 781 1642 contulit
807 1597 1051 1640 Schneider
1072 1597 1187 1640 τοῦτ’
1211 1599 1415 1654 ἑτόλμησ’
1440 1601 1462 1640 ὁ
1483 1600 1643 1653 μιαρὸς
1673 1603 1830 1652 χανεῖν
1862 1601 1885 1640 ὁ
1917 1599 2056 1654 Δημο-

357 1674 613 1728 λογοκλέων
647 1670 711 1713 ὅδ’
739 1673 803 1712 ὅτι
835 1671 977 1725 λέγεις
1009 1686 1049 1712 τι
1083 1672 1186 1725 περὶ
1211 1674 1304 1712 τῶν
1337 1671 1456 1712 νέων
1482 1669 1672 1725 ἀληθές,
1706 1668 1853 1711 Aiacis
1876 1685 1916 1712 v.
1946 1671 2055 1710 1226

359 1743 618 1799 iampridem
647 1741 832 1784 collatus
866 1742 932 1782 est
965 1742 1011 1783 σὲ
1044 1741 1097 1796 ὂη
1129 1742 1182 1782 τὰ
1216 1741 1340 1783 δεινὰ
1375 1742 1533 1796 ῥήματ’
1557 1740 1821 1796 ἀγγέλλουσί
1850 1755 1924 1793 μοι
1956 1741 2056 1796 τλῆ-

357 1831 432 1857 ναι
450 1815 556 1856 καθ’
571 1817 697 1868 ἡμῶν
716 1811 792 1855 ὧδ’
808 1813 1052 1864 ἀνοιμωκτὶ
1070 1816 1240 1865 χανεῖν.
1257 1837 1308 1840 -
1328 1811 1405 1852 Illo
1425 1813 1541 1863 ὅστις
1558 1809 1746 1852 fortasse
1764 1809 2054 1865 significatur,

358 1898 472 1941 quae
509 1897 643 1939 rupes
681 1882 982 1937 intellegenda
1021 1883 1150 1933 esset,
1192 1880 1324 1923 etiam
1363 1884 1457 1922 tum
1490 1880 1535 1922 in
1570 1880 1873 1923 controversia
1903 1880 2054 1933 fuisse,

356 1969 447 1997 non
480 1954 624 1996 minus
657 1957 792 2009 atque
824 1955 977 1994 nostra
1009 1954 1156 1994 aetate
1183 1951 1277 2005 (cfr.
1304 1951 1464 2006 Sayce,
1487 1951 1637 1994 JHSt.
1662 1952 1680 1992 I
1708 1953 1832 2003 1880,
1857 1953 1914 1993 88
1937 1966 2052 2007 sqq.;

356 2026 550 2080 Ramsay
573 2024 659 2066 ibd.
685 2024 745 2065 HI
774 2025 897 2074 1882,
922 2025 1001 2064 341
1031 2037 1148 2078 sqq.;
1185 2022 1374 2077 Cowper
1400 2022 1555 2064 XXVI
1592 2024 1715 2074 1906,
1755 2024 1872 2075 179),
1907 2035 2054 2077 neque

356 2096 473 2138 enim
498 2095 792 2138 Callimachus
826 2097 943 2146 ὅστις
975 2107 1076 2134 cum
1100 2095 1147 2145 ὅς
1171 2092 1382 2134 confudit.
1409 2118 1463 2122 ——
1486 2092 1598 2134 Illud
1622 2094 1864 2148 μάρμαρον
1887 2105 2052 2146 genere

354 2169 512 2209 neutro
546 2165 725 2221 primus,
761 2166 976 2220 quantum
1010 2162 1113 2214 scio,
1147 2162 1295 2218 posuit
1328 2162 1642 2214 Callimachus3
1684 2161 2053 2204 consuetudinem

355 2240 503 2279 autem
537 2250 643 2278 suae
676 2234 833 2278 aetatis
867 2236 1045 2276 secutus
1079 2236 1159 2284 est,
1193 2232 1410 2289 siquidem
1438 2232 1638 2284 Romani,
1674 2232 1748 2288 qui
1779 2232 1890 2274 tales
1917 2246 2052 2275 voces

355 2322 409 2350 ex
448 2305 723 2350 hellenistica
755 2306 976 2361 συνηθείᾳ
1014 2303 1058 2345 in
1098 2318 1225 2345 suum
1263 2318 1392 2345 usum
1432 2306 1762 2355 converterunt,
1805 2307 2047 2355 „marmor“

352 2381 525 2429 neutro,
564 2391 656 2419 non
693 2375 935 2418 masculino
977 2388 1142 2429 genere
1178 2377 1443 2430 posuerunt3
1479 2388 1748 2429 quamquam
1788 2373 1904 2416 enim
1945 2373 2050 2415 illud

352 2462 516 2490 nomen
550 2448 604 2489 ad
631 2446 960 2488 similitudinem
988 2459 1148 2488 vocum
1176 2445 1220 2486 in
1249 2459 1316 2486 -or
1344 2444 1602 2487 exeuntium
1630 2444 1924 2495 deflexerunt,
1959 2458 2049 2485 non

353 2522 447 2561 erat
481 2532 557 2560 cur
589 2531 732 2572 genus
764 2519 999 2558 mutarent.

470 2659 645 2701 Nexum
668 2658 826 2700 tertiae
848 2658 1084 2713 pericopae
1108 2671 1207 2699 cum
1232 2655 1519 2712 praecedenti
1542 2670 1676 2711 supra
1697 2657 1756 2711 (p.
1777 2657 1819 2710 9)
1838 2654 2048 2698 brevibus

353 2729 591 2786 explicavi3
625 2743 747 2771 nunc
780 2729 968 2771 eundem
1001 2728 1148 2783 paullo
1180 2727 1380 2783 pluribus
1407 2726 1554 2769 verbis
1586 2728 1902 2781 prosecuturus
1936 2739 2045 2766 sum.

351 2801 543 2842 Turbam
563 2800 693 2852 enim,
719 2799 793 2855 qui
811 2799 1017 2854 loquitur,
1035 2799 1347 2840 obsecraverat
1365 2800 1413 2839 ut
1430 2796 1577 2852 pueris
1597 2796 1860 2838 canentibus
1878 2795 2044 2848 sileret,

351 2871 555 2926 exempla
593 2871 721 2912 deam
763 2873 805 2912 et
845 2869 1072 2911 heroinam
1112 2870 1416 2924 proposuerat,
1452 2881 1579 2922 quae,
1613 2881 1712 2908 cum
1746 2866 1958 2908 acerrime
1991 2866 2046 2908 ab

468 2964 493 3008 ¹)
520 2964 576 2997 Ad
601 2963 694 2997 hunc
721 2965 814 2997 enim
840 2966 991 3005 uterque
1017 2963 1116 2997 locus
1142 2963 1342 2996 rectissime
1369 2972 1390 2995 a
1417 2961 1639 2995 Schwartzio
1666 2960 1804 2995 relatus
1823 2964 1889 2994 est.
1917 2960 1970 3004 (Ρ.
1987 2959 2044 2994 W.

348 3023 399 3059 IV
426 3023 543 3067 2810).
