2180 3482
806 216 859 251 De
885 217 1061 262 Eurypyli
1085 218 1210 253 fabula
1772 222 1852 263 129

279 323 373 364 Iam
394 324 519 378 patet
540 323 624 364 hac
657 322 828 365 ratione
860 337 912 365 ac
944 323 1017 366 via
1057 324 1234 366 decerni
1266 339 1356 366 non
1390 339 1533 381 posse,
1569 327 1670 367 utra
1701 324 1852 368 fabula

164 393 380 435 vetustior
412 392 484 434 sit:
519 393 659 435 altera
692 392 808 435 enim
842 394 896 435 ad
921 393 1228 448 Cyrenaicam,
1263 395 1401 438 altera
1432 396 1487 438 ad
1519 395 1850 451 Tripolitaniam

163 466 356 519 spectat;
391 464 529 506 altera
561 478 587 505 a
620 463 785 505 colonis
809 463 1143 518 Cyrenensibus
1176 465 1431 517 victoribus,
1465 466 1603 508 altera
1625 480 1651 508 a
1673 466 1853 508 Graecis

162 533 312 577 nescio
346 534 491 575 adhuc
523 533 696 589 quibus,
732 533 825 576 sive
858 534 1044 589 repulsis
1077 534 1169 577 sive
1203 539 1323 577 certe
1355 536 1409 578 de
1432 535 1720 591 Tripolitania
1751 536 1852 578 sub-

162 604 325 659 igenda
357 603 695 659 desperantibus
729 604 974 659 composita
1007 608 1086 647 est.
1133 606 1230 656 Quo
1264 605 1347 647 iam
1382 606 1476 648 iure
1507 605 1623 648 inter
1655 620 1701 648 se
1734 620 1852 648 com-

162 674 402 730 parantur?
465 675 612 717 Unum
646 678 819 716 tantum
854 675 1182 731 spoponderim,
1226 676 1419 718 tabulam
1453 677 1507 718 de
1540 675 1720 719 Tritone
1752 690 1852 718 cum

160 744 308 788 Doriei
353 744 550 800 spartani
597 745 768 787 colonia
783 745 809 797 ¹)
868 746 919 787 ad
962 745 1181 801 Cinypem
1229 746 1420 788 deducta
1468 760 1559 787 non
1600 747 1851 789 cohaerere.

162 816 272 858 Nam
307 815 404 871 quis
435 814 565 858 facile
598 816 747 858 credat
792 816 977 858 duorum
1017 831 1233 858 annorum
1273 816 1415 871 spatio
1447 815 1642 858 fabulam
1676 819 1853 859 enatam

161 899 271 938 esse,
307 900 421 941 quae
444 885 568 928 brevi
590 888 764 928 tantum
791 886 1066 928 auctoritatis
1089 886 1421 928 nancisceretur
1447 889 1495 928 ut
1518 886 1707 928 Pindaro
1741 901 1852 942 opus

160 959 278 999 esset
321 971 418 999 eam
452 959 507 998 50
540 956 713 999 circiter
755 956 883 998 annis
925 959 1026 1013 post
1067 971 1168 998 cum
1208 956 1358 998 fabula
1388 955 1585 1011 genuina
1617 957 1853 1011 cyrenensi

161 1027 466 1070 contaminare
478 1026 508 1081 2)
519 1027 539 1068 ἶ)

278 1097 414 1153 Atqui
465 1097 571 1139 mihi
616 1100 737 1140 certe
784 1100 960 1139 constat
1008 1099 1199 1139 aetatem
1248 1096 1398 1147 fuisse,
1449 1110 1549 1138 cum
1595 1097 1852 1152 Eurypylus

160 1168 340 1210 Graecis
374 1168 541 1223 Libyae
573 1167 805 1223 imperium
837 1182 927 1209 non
971 1167 1236 1210 concederet
1275 1167 1351 1209 sed
1389 1167 1645 1222 denegaret.
1707 1167 1850 1222 Eury-

159 1239 289 1294 pylus
331 1238 532 1294 primitus
584 1238 730 1280 nullus
778 1237 887 1280 alius
934 1237 1017 1279 fuit
1064 1237 1148 1279 nisi
1189 1237 1342 1280 Orcus.
1397 1238 1655 1293 Εὐρυδίκην
1688 1237 1853 1293 Orphei

158 1323 343 1352 uxorem
383 1308 525 1364 ipsam
562 1308 804 1351 inferorum
842 1307 1042 1363 reginam
1081 1307 1218 1351 fuisse
1251 1321 1404 1350 omnes
1436 1307 1523 1350 iam
1556 1307 1850 1361 confitentum

158 1380 421 1423 daemonem
454 1379 789 1423 voracissimum
812 1381 1097 1436 Εὐρύνομον,
1133 1378 1208 1434 qui
1239 1381 1514 1420 mortuorum
1548 1392 1703 1420 carnes
1736 1379 1851 1430 edat,

158 1449 265 1491 nihil
306 1449 390 1492 nisi
431 1464 531 1492 ossa
571 1449 805 1505 relinquat,
855 1464 880 1492 a
918 1449 1168 1504 Polygnoto
1207 1448 1392 1504 Delphis
1430 1448 1474 1489 in
1513 1447 1851 1491 Atheniensium

158 1520 308 1563 lescha
360 1520 528 1576 pictum
581 1534 678 1563 esse
730 1522 885 1562 auctor
937 1522 1003 1562 est
1057 1519 1299 1562 Pausanias
1346 1519 1390 1560 X
1422 1521 1491 1570 28,
1526 1521 1563 1560 7.
1642 1518 1852 1561 Famulus

158 1591 371 1643 Nestoris,
415 1591 566 1646 Pylius
599 1590 779 1642 scilicet,
828 1592 1108 1647 Εὐρυμέδων
1141 1590 1196 1632 ab
1229 1590 1422 1632 Homero
1456 1591 1642 1632 vocatur
1685 1591 1718 1631 Θ
1755 1591 1849 1641 114,

156 1662 196 1704 A
219 1664 322 1704 620:
357 1662 518 1704 Nestor
544 1661 639 1717 ipse
660 1661 785 1704 Nelei
806 1660 923 1702 filius
945 1660 1041 1712 fuit,
1075 1660 1120 1702 id
1152 1663 1217 1703 est
1244 1659 1358 1701 illius
1381 1659 1456 1715 qui
1488 1659 1653 1702 nemini
1685 1658 1848 1715 parcit;

158 1733 320 1775 Neleus
348 1733 554 1788 Βασίλην
586 1746 771 1774 uxorem
804 1732 942 1786 duxit,
974 1731 1173 1786 reginam
1208 1730 1376 1773 scilicet
1406 1732 1703 1782 mortuorum,
1738 1731 1849 1773 Her-

158 1803 278 1846 cules
311 1818 411 1845 cum
445 1803 558 1845 Orco
594 1802 691 1857 Pyli
722 1801 941 1858 pugnavit
980 1804 1046 1853 (ἐν
1078 1802 1234 1858 Πύλῳ,
1275 1802 1324 1843 ἐν
1356 1805 1555 1843 νεκύεσσι
1588 1802 1630 1843 Ε
1649 1801 1766 1856 397),
1808 1800 1851 1842 id

157 1877 225 1916 est
245 1873 290 1915 in
312 1873 410 1930 ipsa
431 1877 558 1930 porta
580 1873 819 1916 inferarum
854 1872 1025 1915 sedium
1039 1872 1081 1924 3).
1121 1871 1363 1914 Incertiora
1396 1871 1542 1916 mitto:
1577 1871 1699 1913 velut
1732 1871 1851 1927 quod

158 1945 409 1987 Phaeacum
441 1958 597 1999 regum
636 1943 768 1999 stirps
813 1943 867 1985 ab
900 1943 1236 1998 Eurymedonte
1275 1941 1491 1997 originem
1533 1941 1651 1996 cepit
1693 1944 1737 1997 (η
1761 1944 1849 1995 58),

156 2015 260 2057 inde
306 2014 494 2057 fortasse
539 2014 805 2057 concludere
851 2013 954 2056 licet
1001 2016 1275 2055 mortuorum
1322 2012 1474 2068 populi
1520 2011 1851 2067 progenitorem

157 2087 291 2140 (nam,
340 2085 447 2141 quin
491 2085 714 2128 Phaeaces
757 2083 896 2140 primo
938 2083 1100 2126 mortui
1141 2082 1320 2134 fuerint,
1365 2096 1496 2125 nemo
1538 2081 1626 2124 iam
1668 2084 1735 2124 est
1776 2081 1851 2138 qui

159 2155 347 2210 dubitet)
381 2155 525 2211 ipsum
560 2156 723 2198 Orcum
757 2154 861 2207 dici3
896 2157 1031 2210 atque
1063 2154 1212 2197 nescio
1246 2168 1303 2195 an
1337 2153 1493 2195 eodem
1526 2154 1699 2208 spectet
1733 2153 1851 2208 quod

156 2226 403 2269 Nausicaae
444 2226 602 2268 ancilla
634 2226 962 2282 Εὐρυμέδουσα
1000 2225 1248 2281 appellatur
1286 2240 1314 2280 η
1340 2226 1380 2275 8,
1424 2237 1693 2279 quamquam
1725 2222 1849 2264 dubi-

156 2296 371 2340 tationem
402 2296 522 2349 facit,
557 2297 676 2352 quod
708 2296 804 2352 ipsa
836 2297 1060 2352 Ἀπειραίη
1093 2297 1199 2338 erat.
1249 2294 1337 2337 Sed
1368 2294 1479 2336 haec
1512 2307 1626 2349 quae
1659 2307 1850 2336 comme-

157 2367 327 2411 moravi
341 2368 371 2422 4)
407 2367 512 2410 satis
546 2369 662 2419 sunt,
697 2367 866 2422 opinor,
901 2366 956 2408 ad
989 2365 1381 2408 demonstrandum
1415 2363 1578 2406 Orcum
1613 2378 1638 2405 a
1670 2363 1850 2406 Graecis

156 2441 291 2495 εὐρύν
325 2437 624 2480 existimatum
658 2451 767 2480 esse.
799 2463 850 2466 —
875 2438 1034 2479 Πύλον
1066 2450 1177 2478 unas
1210 2437 1388 2491 praeter
1420 2447 1574 2476 omnes
1606 2433 1849 2476 inferorum

276 2544 300 2586 ¹)
328 2544 382 2578 De
407 2554 479 2586 qua
503 2543 666 2586 pluribus
693 2543 960 2586 disputavimus
986 2553 1019 2585 p.
1041 2542 1118 2584 123,
1145 2541 1226 2575 adn.
1245 2540 1277 2574 3.

273 2604 301 2647 ²)
329 2603 521 2645 Hucusque
558 2603 629 2636 m'si
665 2602 818 2644 omnino,
857 2603 897 2635 at
931 2601 968 2634 in
1004 2599 1169 2643 plurimis
1208 2609 1288 2633 cum
1323 2598 1498 2632 Maltenio
1538 2598 1584 2642 (p.
1606 2597 1774 2642 126sqq.)
1814 2601 1850 2631 et

155 2662 351 2696 Ferrabino
378 2661 425 2706 (p.
446 2661 515 2695 518
527 2660 617 2705 sqq.)
644 2661 849 2702 consentio;
892 2660 930 2692 in
956 2659 1001 2692 iis
1027 2657 1310 2701 quaestionibus,
1347 2667 1438 2698 quae
1464 2658 1537 2690 iam
1562 2659 1744 2699 secuntur,
1770 2659 1848 2690 toto

156 2720 254 2755 caelo
280 2720 385 2755 disto.

275 2780 301 2824 3)
328 2779 398 2813 Cir.
417 2778 560 2821 Beloch,
588 2777 648 2812 Gr.
668 2777 794 2812 Gesch.
814 2777 831 2811 I
845 2777 899 2818 22,
921 2776 999 2810 103.

272 2838 300 2882 4)
327 2837 444 2872 Minos
471 2848 489 2871 e
514 2837 626 2871 Paria
650 2836 810 2879 nympha
834 2835 927 2869 filios
958 2835 1118 2878 suscepit
1143 2832 1413 2876 Eurymedonta
1437 2831 1663 2875 Nephaliona
1689 2830 1849 2874 Chrysen

155 2895 346 2931 Philolaon
373 2895 550 2940 (Apollod.
569 2895 665 2938 bybl.
685 2894 739 2928 III
758 2895 804 2938 7).
855 2894 982 2936 Minos,
1020 2894 1233 2934 quicumque
1258 2893 1290 2926 is
1315 2892 1420 2925 initio
1447 2890 1527 2932 fuit,
1563 2890 1628 2924 hoc
1654 2889 1731 2924 1000
1756 2900 1849 2924 mor-

154 2958 300 2990 tuorum
324 2954 432 2989 iudex
457 2958 528 2997 est,
563 2953 782 2998 Nephalioni
807 2954 902 2987 enim
928 2963 949 2986 a
974 2951 1192 2997 νηφαλίοις,
1220 2950 1255 2984 id
1283 2953 1339 2985 est
1364 2949 1600 2984 libationibus
1625 2951 1849 2983 mortuorum

155 3014 192 3047 in
217 3013 388 3048 honorem
412 3013 530 3057 factis,
556 3023 685 3047 nomen
710 3012 866 3046 inditum
892 3014 957 3045 est.

226 3082 390 3117 Pasquaii,
409 3082 622 3116 Quaestiones
643 3081 888 3110 Callimaoheae.
1615 3066 1636 3099 9
