2180 3482
601 210 655 244 De
681 209 836 243 dialecto
862 220 1038 252 cyrenaea
1064 210 1198 244 lesbiae
1225 209 1324 244 affini
1728 210 1808 250 143

118 317 224 359 bum
258 319 299 359 et
334 316 534 371 Cyrenas
573 314 810 357 translatas
850 315 974 357 esse?
1037 314 1093 355 At
1134 314 1290 357 dixerit
1326 314 1542 371 quispiam
1576 314 1809 356 Thessalos

120 390 276 429 contra
307 404 358 439 νς
389 400 570 442 prorsus
611 400 701 427 non
743 388 938 427 mutasse
954 385 994 438 ¹).
1060 385 1176 427 Sane
1215 400 1325 440 quos
1365 385 1541 441 quidem
1584 384 1807 435 novimus3

120 460 163 499 at
196 457 312 500 inter
344 470 497 499 omnes
531 456 604 512 qui
644 456 895 511 linguarum
933 455 1141 498 historiae
1179 457 1432 498 noscendae
1465 469 1644 511 operam
1678 455 1809 497 dede—

119 531 238 578 runt,
273 530 449 569 constat
481 540 615 582 saepe
642 526 684 568 in
710 540 887 582 quoque
920 526 1082 581 populo
1115 526 1404 568 mutationem
1439 529 1642 580 coeptam
1676 525 1809 567 inter-

120 598 275 653 rumpi,
302 612 434 639 sonos
456 597 678 653 pristinos,
704 600 751 639 ut
774 596 834 638 ita
857 596 1011 650 dicam,
1034 596 1077 637 in
1102 596 1323 651 integrum
1346 595 1530 638 restitui.
1571 595 1701 637 Velut
1725 612 1744 637 s·
1767 595 1808 636 in

120 668 439 711 vocabulorum
489 667 610 709 exitu
660 667 879 722 Scipionis
926 666 1106 708 Barbati
1159 669 1305 708 aetate
1356 680 1499 721 paene
1552 668 1809 716 evanuerat,

121 738 348 781 Ciceronis
370 737 644 793 temporibus
667 737 862 780 omnium
887 738 930 778 in
955 737 1103 779 oribus
1126 752 1275 778 rursus
1299 736 1496 778 sonabat.
1547 734 1657 777 Fieri
1680 735 1812 789 igitur

120 809 263 865 potuit
295 812 344 850 ut
376 808 587 860 Thessali,
631 823 718 864 qua
756 811 902 851 aetate
936 808 1218 862 Cyrenenses
1261 809 1302 849 et
1336 806 1481 849 Lesbii
1524 806 1578 847 ab
1612 805 1692 846 illis
1726 805 1810 847 dis-

120 882 365 931 cesserunt,
415 895 536 922 -οισα
574 878 927 934 pronuntiarent,
976 880 1133 934 postea
1179 880 1228 918 ut
1275 879 1407 919 antea
1447 892 1593 921 -ονσα,
1658 876 1812 931 Neque

119 950 324 993 novimus
379 952 526 992 utrum
582 949 679 992 illae
732 951 890 1004 gentes
939 962 1052 1004 quae
1099 946 1343 990 iuventutis
1396 960 1501 988 suae
1549 948 1719 1001 partem
1768 945 1812 986 in

119 1020 304 1076 Libyam
352 1020 587 1072 misissent,
637 1019 759 1075 ipsae
806 1019 851 1060 in
889 1018 1116 1061 Thessalia
1156 1016 1399 1059 manserint
1441 1031 1498 1058 an
1540 1016 1727 1058 detritae
1769 1019 1812 1058 et

119 1106 298 1147 prorsus
322 1092 493 1134 deletae
516 1091 604 1132 sint
627 1090 720 1132 aliis
743 1089 917 1145 populis
950 1088 1226 1144 urgentibuS,
1261 1086 1419 1129 affines
1450 1089 1625 1128 tantum
1660 1100 1812 1141 super-

120 1162 246 1204 stites
285 1161 464 1204 fuerint.
528 1162 652 1203 Haec
691 1159 839 1202 omnia
877 1174 964 1201 non
1000 1172 1116 1214 nego
1150 1158 1195 1199 in
1228 1156 1485 1213 opinatione
1518 1156 1661 1212 posita
1694 1170 1810 1209 esse3

119 1233 210 1284 sed,
245 1232 613 1288 quotiescumque
639 1230 682 1272 in
716 1233 912 1272 mentem
944 1229 1069 1273 venit
1093 1228 1349 1284 Cyrenaeos
1382 1241 1429 1270 se
1451 1227 1686 1269 Thessalos
1719 1241 1811 1269 cre-

120 1302 294 1354 didisse,
335 1301 612 1344 existimasse
652 1300 766 1343 enim
803 1314 1070 1356 eponymam
1104 1313 1210 1341 suae
1242 1298 1363 1340 urbis
1396 1312 1421 1340 a
1453 1297 1680 1340 Thessalia
1711 1297 1813 1340 illuc

118 1376 304 1429 raptam,
337 1373 495 1415 heroes
521 1372 756 1414 Thessalos
779 1370 920 1426 Libya
946 1370 1076 1426 potiri
1109 1372 1293 1412 conatos
1327 1383 1436 1420 esse,
1471 1369 1602 1410 deum
1626 1369 1812 1411 Thessa-

118 1444 209 1486 lum
240 1443 363 1486 heroi
386 1443 595 1485 Thessalo
632 1443 818 1485 eandem
851 1444 1014 1484 terram
1043 1455 1120 1483 seu
1153 1441 1400 1495 denegasse
1423 1453 1500 1481 seu
1524 1439 1811 1491 concessisse,

118 1514 268 1557 facere
308 1528 400 1556 non
432 1528 613 1569 possum
648 1513 755 1569 quin
794 1512 970 1554 credam
1001 1511 1166 1554 formas
1199 1510 1371 1553 dialecti
1414 1509 1672 1564 cyrenensis
1712 1524 1812 1551 cum

118 1585 283 1628 lesbica
316 1598 573 1627 communes
607 1598 630 1626 e
663 1582 890 1626 Thessalia
922 1582 1158 1638 utrobique
1190 1581 1427 1623 translatas
1461 1594 1570 1631 esse,
1614 1593 1830 1635 praesen-

119 1656 197 1698 tim
231 1670 331 1698 cum
365 1658 539 1698 constet
579 1654 814 1697 dialectum
858 1653 1067 1696 lesbicam
1110 1666 1133 1695 e
1164 1651 1401 1694 thessalica
1441 1650 1705 1704 derivatam3
1748 1650 1811 1692 fa-

121 1740 221 1769 cere
251 1740 343 1768 non
385 1740 565 1781 possum
608 1724 713 1781 quin
756 1723 1044 1780 pertinaciter
1075 1737 1237 1777 negem
1268 1723 1388 1764 hunc
1420 1724 1510 1763 tam
1545 1720 1811 1775 singularem

121 1811 388 1839 consensum
421 1810 525 1838 casu
558 1795 725 1838 factum
759 1809 868 1837 esse.
1403 1798 1405 1801 ’

957 1926 981 1965 7

239 2008 556 2060 Quaestionem
599 2022 731 2063 quam
775 2006 938 2049 iamdiu
980 2006 1024 2047 in
1066 2019 1282 2061 suspenso
1324 2003 1594 2060 reliquimus,
1643 2003 1729 2045 iam
1768 2003 1810 2045 in

119 2082 375 2121 transcursu
424 2092 567 2134 paene
614 2077 741 2120 inscii
780 2080 914 2133 atque
952 2076 1255 2132 imprudentes
1294 2074 1518 2126 solvimus,
1566 2077 1715 2115 utrum
1754 2073 1813 2114 illi

120 2149 195 2205 qui
233 2150 423 2192 Theram
465 2164 490 2191 a
528 2148 749 2192 Thessalis
797 2147 1021 2190 conditam
1069 2146 1290 2198 dixerunt,
1340 2145 1383 2187 id
1430 2144 1639 2187 traditum
1687 2158 1812 2187 acce-

121 2220 291 2276 pissent
323 2234 379 2262 an
411 2219 495 2276 ipsi
528 2221 583 2262 ad
616 2234 712 2262 eam
754 2218 980 2262 civitatem
1019 2217 1063 2259 id
1102 2217 1220 2273 quod
1258 2216 1302 2258 in
1336 2215 1537 2271 Cyrenas
1576 2215 1812 2271 quadraret

119 2290 461 2333 transtulissent.
542 2291 667 2342 Nam,
717 2289 792 2346 qui
833 2289 1030 2343 linguam
1075 2301 1368 2342 cyrenensem
1416 2300 1439 2329 e
1485 2285 1722 2328 thessalica
1770 2288 1814 2327 et

119 2361 268 2403 dorica
300 2361 565 2417 permixtam
598 2360 805 2411 affirmet,
838 2358 956 2401 norit
977 2359 1199 2400 Theraeos
1223 2357 1410 2399 dialecto
1435 2371 1533 2398 cum
1558 2371 1584 2398 a
1614 2355 1814 2398 laconica

120 2431 225 2473 satis
258 2431 475 2486 diversa2)
508 2434 600 2473 tum
635 2430 830 2485 genuine
863 2429 1012 2471 dorica
1044 2443 1146 2470 usos
1180 2441 1290 2479 esse,
1324 2427 1359 2468 is
1392 2441 1576 2470 necesse
1610 2429 1677 2468 est
1710 2441 1811 2469 con-

119 2501 300 2545 fiteatur
338 2502 517 2544 colonos
551 2501 752 2556 Cyrenas
791 2499 912 2556 prius
952 2513 975 2541 e
1008 2498 1235 2541 Thessalia
1274 2512 1406 2553 quam
1439 2498 1584 2539 Thera
1622 2496 1811 2548 venisse,

120 2572 256 2615 fuisse
298 2587 397 2615 cum
436 2571 646 2614 Theraeis
688 2573 731 2613 et
770 2568 990 2612 Thessalis
1034 2583 1213 2624 prorsus
1254 2567 1361 2609 nihil
1403 2581 1638 2610 commune
1678 2566 1812 2609 inter-

121 2643 311 2686 cederet.
375 2643 544 2685 Eodem
586 2641 699 2684 redit
739 2641 857 2697 quod
897 2639 1145 2695 complures
1182 2639 1340 2681 heroes
1382 2637 1561 2680 thessali
1594 2636 1639 2677 in
1672 2636 1813 2691 Libya

120 2727 347 2769 regnasse,
380 2713 542 2755 mortui
566 2727 662 2755 esse
688 2713 938 2762 narrantur,
973 2710 1132 2760 nullus,
1167 2711 1380 2764 quantum
1416 2707 1591 2758 scimus,
1626 2707 1810 2749 Therae.

122 2784 238 2825 Nihil
270 2798 376 2827 vero
410 2785 623 2826 adversus
655 2784 769 2824 hanc
797 2780 1049 2837 opinionem
1073 2779 1191 2823 valet
1219 2779 1337 2834 quod
1360 2777 1434 2833 qui
1457 2780 1603 2819 aetate
1626 2777 1812 2819 fortasse

240 2950 265 2993 ¹)
292 2949 467 2992 Exempla
493 2949 641 2992 collegit,
667 2948 863 2982 Maltenius
889 2956 921 2988 p.
946 2945 1020 2978 144.

238 3008 265 3052 ²)
293 3008 363 3042 Cfr.
384 3008 485 3048 Blass,
512 3008 597 3042 GDI
614 3008 669 3041 III
687 3008 718 3049 2,
746 3017 778 3049 p.
802 3006 876 3039 150.
