2180 3482
368 235 423 274 70
1012 231 1065 264 De
1090 230 1222 274 hymno
1248 230 1427 274 Apollinis

365 338 531 394 Ephesi
582 336 718 379 Mileti
769 336 1032 388 ionicarum,
1083 336 1278 379 Attudae
1323 337 1514 389 caricae,
1571 338 1823 379 Mastarnae
1870 337 2062 380 Tabalae

366 407 598 463 lydiarum,
635 405 836 448 Stertorii
870 406 1151 448 Colossarum
1184 407 1474 462 phrygiarum
1488 407 1532 463 ¹),
1571 407 1733 449 nullius
1767 410 1923 450 contra
1956 407 2060 451 civi-

367 478 470 520 tatis
513 476 783 519 continentis
824 491 1032 531 graecae3
1075 491 1223 533 neque
1265 477 1382 520 enim
1426 477 1532 519 illud
1571 478 1677 520 hinc
1720 478 1863 533 repeti
1900 481 2061 534 potest,

368 548 486 603 quod
527 548 699 589 Latona
739 547 822 589 dea
864 546 1045 589 asiatica
1085 547 1186 599 fuit3
1235 563 1339 590 nam
1388 551 1534 590 aetate
1584 551 1704 591 certe
1744 548 2063 604 imperatorum

368 632 651 660 romanorum
685 617 818 660 etiam
850 617 896 659 in
929 618 1128 670 Graecia,
1164 632 1278 673 quae
1311 618 1489 674 proprie
1522 619 1694 670 dicitur,
1729 619 1968 662 colebatur.

487 689 545 731 Ut
590 688 675 730 iam
722 688 777 729 ad
823 687 1142 730 Callimachum
1187 692 1229 730 et
1271 688 1555 744 Apollonium
1598 692 1888 741 revertamur,
1935 689 2063 731 ambo

370 760 557 802 eandem
590 758 786 801 eiusdem
819 758 995 801 fabulae
1027 757 1215 800 formam
1249 759 1524 814 exprimunt,
1566 760 1694 802 ambo
1728 774 1819 802 non
1849 759 2064 816 Apollinis

370 830 599 886 epitheton
633 832 762 885 ἰήιον,
798 829 875 871 sed
906 829 1237 872 invocationem
1272 833 1356 886 ἰήιε
1381 829 1604 885 explicare
1627 831 1819 873 student.
1870 830 1998 882 Quod
2020 829 2065 871 in

371 900 639 943 Callimacho
674 900 822 942 statim
855 904 1053 956 apparet,
1093 900 1315 956 Apollonii
1348 904 1504 942 contra
1535 915 1575 943 v.
1602 902 1685 942 712
1719 903 1821 943 sunt
1855 901 1930 957 qui
1963 900 2066 942 scri-

369 972 475 1014 bant
515 972 827 1028 θαρσύνεσκον
866 973 1059 1022 ἕπεσσιν,
1101 971 1212 1027 Ἰήιε
1258 973 1528 1027 κεκληγυῖαι,
1579 971 1704 1027 quasi
1745 970 1800 1013 sit
1838 970 1944 1013 illud
1983 974 2067 1027 ἰήιε

374 1056 502 1084 casus
525 1041 758 1085 vocativus
782 1041 989 1084 adiectivi
1013 1042 1131 1098 quod
1155 1045 1220 1084 est
1247 1045 1358 1098 ἰήιος
1381 1042 1435 1084 ab
1466 1043 1625 1085 ἰᾶσθαι
1656 1041 1856 1094 derivati,
1890 1056 1976 1098 quo
2000 1042 2067 1083 usi

372 1115 475 1154 sunt
496 1112 744 1167 Aeschylus
766 1111 1027 1167 Agamemn.
1052 1128 1092 1155 v.
1115 1115 1209 1164 146,
1235 1112 1478 1168 Sophocles
1503 1112 1657 1168 Oedip.
1677 1127 1768 1168 reg.
1789 1128 1830 1156 v.
1853 1115 1946 1164 174,
1969 1113 2066 1155 Ari-

373 1184 613 1238 stophanes
636 1182 819 1238 Lysistr.
844 1198 885 1225 v.
916 1185 1038 1225 1280.
1091 1183 1150 1224 At
1172 1184 1267 1239 ipse
1289 1183 1549 1239 Apollonius
1572 1186 1725 1226 monet
1748 1183 1802 1225 ab
1825 1183 1907 1225 illis
1930 1184 2066 1239 Nym-

373 1254 559 1309 pharum
583 1253 859 1308 coryciarum
892 1253 1078 1295 vocibus
1110 1267 1201 1295 non
1224 1255 1458 1310 ἐπίκλησιν
1483 1254 1560 1296 sed
1583 1256 1803 1310 ἐφύμνιον
1829 1253 2069 1296 formatum

373 1337 489 1375 esseg
525 1338 611 1380 quo
646 1326 794 1366 autem
826 1323 919 1366 iure
943 1327 1113 1366 certum
1137 1325 1360 1380 quoddam
1383 1339 1631 1380 cognomen
1665 1327 1885 1381 ἐφύμνιον
1918 1325 2068 1381 appel-

371 1394 565 1437 laretur?
615 1394 740 1446 Quae
762 1409 851 1437 vox
873 1397 1050 1436 tantum
1072 1394 1118 1436 in
1141 1409 1318 1438 versum
1341 1395 1413 1438 vel
1434 1395 1479 1436 in
1497 1409 1653 1438 versus
1676 1398 1847 1451 partem
1867 1396 2068 1451 quadrat,

375 1479 489 1521 quae
507 1464 750 1507 intervallis
772 1464 1017 1507 interiectis
1040 1468 1249 1517 recurrat,
1274 1468 1323 1507 ut
1344 1465 1450 1507 illud
1474 1469 1517 1522 ἰὴ
1541 1468 1579 1508 ἱέ
1601 1466 1719 1521 apud
1737 1465 2068 1508 Callimachum.

376 1535 491 1588 Quid
525 1536 677 1591 plura?
740 1535 885 1578 Etiam
924 1536 1075 1579 nescio
1115 1551 1171 1578 an
1211 1550 1425 1592 quaerere
1457 1536 1601 1589 liceat,
1642 1551 1729 1592 qua
1760 1536 1933 1580 ratione
1964 1536 2071 1579 illud

377 1607 642 1650 vocabulum
677 1610 790 1663 ι’ήιος
822 1606 1061 1649 formatum
1094 1606 1167 1659 sit;
1201 1622 1305 1649 nam
1338 1607 1433 1663 ipse
1460 1610 1580 1650 certe
1603 1607 1768 1649 nullam
1800 1607 1929 1650 aliam
1957 1607 2070 1650 eius-

376 1678 475 1720 dem
513 1677 682 1720 formae
720 1692 877 1721 vocem
922 1678 1040 1721 novi.
1105 1678 1452 1734 Tragoediarum
1498 1678 1735 1734 scriptores
1777 1678 2067 1731 „salutarem“

374 1748 568 1791 voluisse
613 1762 769 1790 sensus
815 1751 856 1791 et
903 1751 1123 1791 structura
1166 1749 1384 1801 locorum,
1436 1763 1547 1806 quos
1590 1749 1882 1801 laudavimus,
1927 1762 2071 1805 paene

375 1819 581 1870 clamant,
622 1820 699 1861 sed
739 1819 813 1875 qui
855 1823 967 1876 ἰήιος
1007 1834 1032 1862 a
1067 1822 1219 1874 ἰάομαι
1264 1819 1513 1863 derivatum
1559 1833 1656 1862 esse
1701 1819 1877 1876 potest?
1939 1820 2070 1863 Invo-

376 1889 598 1932 cationem
633 1893 861 1946 ἰηπαιῆον,
896 1890 1030 1932 etiam
1062 1889 1346 1942 adiectivum,
1382 1890 1417 1932 si
1448 1890 1510 1932 ita
1531 1890 1652 1946 loqui
1673 1889 1790 1942 licet,
1823 1889 2070 1946 hypostati-

375 1974 475 2002 cum
510 1963 739 2016 ἰηπαιὴων
778 1960 865 2002 iam
904 1960 948 2002 in
986 1961 1153 2016 hymno
1187 1961 1404 2017 Apollinis
1441 1960 1664 2004 homerico
1699 1960 2071 2017 deprehendimus

378 2036 434 2083 (v.
459 2033 545 2073 499
579 2033 719 2087 αὐτὰρ
752 2033 868 2087 ἐπὴν
902 2035 1037 2075 σίτοιο
1068 2033 1341 2088 μελίφρονος
1373 2032 1419 2085 ἐξ
1459 2034 1563 2089 ἔρον
1602 2033 1729 2087 ἧσθε,
1769 2033 1986 2088 ἔρχεσθαί
2021 2029 2068 2074 θ’

373 2102 447 2156 ἅμ’
483 2103 581 2156 ἐμοὶ
613 2105 688 2145 καὶ
720 2105 763 2158 ἰὴ
796 2107 964 2158 παιῆον
998 2104 1181 2155 ἀείὸειν;
1217 2105 1301 2144 516
1337 2106 1376 2145 οἱ
1408 2104 1456 2146 δὲ
1486 2106 1723 2159 ῥήσσοντες
1755 2105 1920 2145 ἕποντο
1948 2104 2069 2158 Κρῆ-

373 2189 443 2226 τες
475 2175 587 2229 πρὸς
619 2173 771 2215 Πυθὼ
803 2175 876 2215 καὶ
911 2176 955 2229 ἰὴ
987 2178 1156 2228 παιιζον
1189 2174 1360 2223 ἄειὸον;
1396 2176 1441 2215 at
1472 2188 1513 2216 v.
1540 2175 1623 2214 272
1652 2175 1767 2216 ἄλλά
1790 2189 1855 2215 τοι
1880 2177 1938 2225 ὡς
1960 2186 2069 2229 προ-

375 2246 552 2299 σάγοιεν
585 2242 837 2299 Ἰηπαιήονι
872 2245 1025 2299 δῶρα).
1080 2244 1241 2286 Nonne
1275 2247 1388 2300 ι’ήιος
1421 2244 1475 2286 ab
1500 2247 1543 2299 ἰή
1566 2243 1818 2295 formatum,
1851 2246 1945 2285 tum
1969 2258 2070 2286 cum

375 2315 532 2357 ἰᾶσθαι
565 2314 854 2356 commixtum
888 2315 982 2357 est‘?
1035 2314 1093 2356 At
1128 2315 1271 2356 obstat
1307 2314 1485 2370 spiritus
1519 2328 1660 2370 asper,
1695 2329 1827 2370 quem
1855 2317 1897 2356 et
1920 2313 2071 2356 fabula

375 2384 579 2440 delphica
609 2384 794 2440 requirit
828 2388 872 2427 et
904 2399 1048 2441 paean
1080 2385 1251 2428 ionicus
1280 2385 1546 2441 Aesculapii,
1581 2399 1712 2441 quem
1747 2399 1882 2440 supra
1914 2387 1971 2440 (p.
2001 2387 2069 2439 17)

374 2454 665 2507 laudavimus,
706 2455 843 2497 oculis
882 2469 1025 2511 paene
1066 2455 1243 2498 subicit:
1279 2455 1384 2497 illud
1417 2455 1534 2498 enim
1561 2473 1588 2507 ι,
1623 2470 1648 2497 a
1681 2469 1768 2511 quo
1802 2455 2068 2499 vocabulum

374 2541 557 2568 ιεπαιαν
597 2525 780 2578 orditur,
821 2540 1045 2569 consonae
1083 2526 1254 2569 vicibus
1292 2525 1494 2581 fungitur
1509 2525 1552 2579 2).
1616 2526 1673 2567 At
1713 2528 1887 2568 constat
1924 2526 2068 2577 Ionas,

373 2595 468 2638 illos
502 2596 680 2652 quidem
714 2596 789 2652 qui
811 2596 856 2638 in
878 2596 984 2639 Asia
1015 2597 1281 2649 habitarent,
1317 2596 1518 2652 spiritum
1545 2611 1751 2652 asperum
1785 2596 1945 2639 efferre
1977 2611 2069 2638 non

374 2666 588 2722 potuisse3
630 2670 861 2723 praeterea
892 2667 995 2710 inde
1036 2668 1153 2724 quod
1185 2685 1199 2710 ι
1237 2667 1282 2709 in
1314 2667 1498 2723 paeanis
1531 2667 1726 2710 numeris
1759 2681 1837 2722 pro
1873 2681 2070 2709 consona

373 2740 453 2789 est,
496 2737 645 2780 nescio
689 2752 746 2780 an
789 2738 1121 2781 demonstretur
1158 2738 1295 2780 fuisse
1334 2752 1435 2780 cum
1472 2738 1620 2780 littera
1658 2737 1730 2779 illa
1768 2737 2068 2793 adspiratione

373 2808 564 2863 quadam
597 2808 798 2864 praedita
831 2812 961 2861 esset,
1001 2809 1096 2852 sine
1129 2808 1260 2852 dubio
1295 2809 1624 2851 demonstratur
1657 2808 1844 2850 eandem
1877 2807 1950 2850 illa
1980 2807 2067 2850 iam

491 2972 517 3017 ¹)
544 2972 613 3007 Cfr.
633 2973 735 3008 Head
760 2973 844 3008 hist.
863 2973 1013 3008 numm.²
1038 2975 1075 3008 in
1101 2974 1172 3008 ind.

491 3031 516 3076 ¹²)
546 3032 616 3066 Cfr.
637 3032 894 3077 Wilamowitz‚
921 3033 1180 3068 Nordionische
1207 3032 1329 3068 Steine
1354 3043 1387 3077 p.
1409 3033 1464 3067 45.
