2180 3482
625 243 679 278 De
705 242 927 285 Cyrenarum
953 242 1092 286 origine
1117 241 1313 276 thessalica
1735 241 1817 280 125

249 349 460 403 Quaestio
502 348 589 390 iam
630 350 768 391 restat
808 348 945 389 multo
988 347 1177 402 gravior,
1223 350 1370 388 utrum
1410 346 1469 387 illi
1514 345 1588 401 qui
1629 346 1819 387 Theram

131 436 156 464 a
199 420 419 464 Thessalis
467 418 691 461 conditam
736 418 955 469 dixerunt,
1001 417 1044 459 id
1090 417 1298 459 traditum
1345 417 1612 472 acceperint,
1666 430 1723 457 an
1768 415 1822 456 ad

130 492 320 534 Theram
361 490 405 532 id
444 490 563 546 quod
601 489 645 530 in
679 488 882 543 Cyrenas
915 488 1174 543 quadrabat,
1217 488 1288 530 illa
1320 491 1467 531 aetate
1500 485 1821 537 transtulerint,

132 576 232 605 cum
271 560 458 603 Theraei
490 559 691 614 Cyrenas
737 559 916 601 colonos
957 558 1182 601 miserunt.
1256 560 1383 600 Hanc
1422 557 1728 613 quaestionem
1775 559 1823 598 ut

135 631 438 682 diiudicemus‚
477 632 653 685 oportet
686 644 776 671 non
808 629 894 671 iam
928 629 973 670 in
1004 643 1092 671 uno
1126 629 1352 671 Herodoto
1386 628 1707 679 contineamur,
1747 627 1824 669 sed

135 702 267 745 etiam
299 701 491 743 Pindaro
525 700 838 743 auscultemus.

252 771 337 824 Qui
382 771 428 812 in
477 770 672 813 carmine
720 770 907 826 Pythico
952 771 1027 813 IV.
1072 771 1346 812 sacerdotem
1395 768 1644 824 delphicam
1692 768 1824 810 Batto

134 841 488 899 praesagientem
520 841 628 883 facit
661 855 758 884 eum
795 844 895 897 post
926 841 1120 883 sedecim
1152 840 1465 895 generationes
1498 839 1681 881 Medeae
1714 837 1824 881 vati-

135 913 298 956 cinium
338 912 622 967 impleturum
668 926 777 954 esse.
842 912 966 963 Quae
1010 912 1122 954 haec
1163 910 1256 953 fere
1303 910 1540 966 praedixit:
1599 910 1692 961 „Ex
1742 910 1827 950 hoc

135 983 344 1039 caespite,
379 996 511 1038 quem
543 982 740 1038 undique
766 983 912 1024 undae
936 982 1127 1037 pulsant,
1161 981 1396 1022 multarum
1431 979 1603 1022 urbium
1634 979 1827 1022 radicem

135 1054 277 1109 Libya
299 1052 494 1109 recipiet.
529 1051 775 1107 Augurium
799 1051 1065 1107 implebitur,
1100 1052 1233 1107 quod,
1268 1050 1393 1106 quasi
1418 1051 1581 1092 donum
1607 1050 1827 1106 quoddam

136 1124 370 1180 hospitale,
416 1124 672 1178 Euphemus
698 1122 742 1164 in
777 1122 947 1178 paludis
974 1121 1212 1164 Tritonidis
1243 1120 1446 1163 faucibus
1478 1135 1504 1162 a
1535 1121 1616 1163 deo
1649 1119 1829 1176 recepit,

139 1194 214 1251 qui
250 1195 446 1236 humana
485 1193 627 1235 forma
666 1192 849 1234 indutus
890 1191 949 1232 illi
989 1192 1163 1246 glebam
1206 1191 1251 1232 in
1290 1206 1447 1233 manus
1485 1190 1677 1232 tradidit.
1741 1191 1830 1233 Iste

138 1264 255 1308 enim
302 1265 411 1307 deus
455 1262 674 1305 solitarius
705 1262 989 1318 Argonautis,
1038 1261 1113 1317 qui
1154 1261 1386 1304 duodecim
1425 1261 1511 1303 iam
1544 1261 1637 1303 dies
1668 1275 1829 1304 navem

138 1335 278 1378 dorsis
329 1348 409 1390 per
448 1334 603 1389 Syrtes
656 1335 887 1389 portarant
939 1332 1143 1384 occurrit,
1202 1346 1338 1388 seque
1370 1331 1501 1374 'dixit
1552 1332 1831 1387 Eurypylum

139 1404 337 1461 Neptuni
367 1404 508 1446 filium
539 1404 695 1459 iisque,
741 1418 841 1445 cum
874 1417 931 1445 ne
963 1406 1209 1452 manerent,
1243 1406 1537 1454 recusassent,
1585 1417 1681 1445 sese
1714 1402 1831 1444 enim

139 1475 366 1527 festinare,
399 1475 575 1530 glebam
599 1475 756 1517 dextra
789 1477 1011 1529 arreptam
1044 1474 1214 1526 obtulit,
1250 1488 1381 1529 quam
1415 1474 1673 1529 Euphemus
1707 1486 1831 1515 acce-

139 1546 216 1602 pit.
298 1546 377 1587 Hla
436 1559 542 1588 vero
599 1545 730 1599 gleba
782 1559 860 1600 per
923 1558 1153 1587 servorum
1208 1543 1538 1599 neglegentiam
1598 1543 1643 1585 in
1706 1557 1826 1586 mare

145 1617 327 1673 delapsa
373 1619 459 1669 est;
507 1615 658 1672 itaque
704 1615 749 1657 in
790 1616 874 1657 hac
905 1615 1048 1657 insula
1081 1616 1288 1668 (Theram
1321 1614 1443 1669 dicit)
1476 1614 1643 1669 Libyae
1682 1608 1840 1656 semen'

144 1690 249 1729 ante
274 1690 451 1742 tempus
485 1686 746 1739 effunditur;
781 1685 937 1741 quodsi
959 1686 1231 1741 Euphemus,
1266 1686 1443 1727 domum
1476 1699 1695 1736 reversus,
1730 1684 1834 1725 illud

144 1759 199 1800 ad
214 1759 446 1800 Taenaron
471 1756 752 1813 profudisset,
776 1756 889 1798 illius
911 1771 1021 1812 gens
1044 1771 1133 1798 una
1156 1770 1256 1798 cum
1278 1755 1445 1802 Danais
1469 1758 1627 1812 quarta
1648 1769 1834 1810 genera-

142 1828 264 1871 tione
297 1827 603 1870 continentem
636 1830 917 1884 occupasset:
951 1827 1024 1869 illa
1053 1827 1169 1870 enim
1197 1830 1343 1870 aetate
1367 1827 1567 1882 Spartae,
1600 1826 1834 1881 Argolidis,

145 1899 435 1954 Mycenarum
467 1898 638 1940 incolae
670 1898 1028 1954 Peloponnesum
1062 1897 1327 1953 relinquent.
1407 1898 1537 1939 Nunc
1569 1911 1688 1949 vero,
1724 1911 1838 1953 quae

145 1983 256 2024 gens
283 1969 338 2011 ab
366 1983 416 2011 eo
441 1971 576 2024 atque
607 1968 783 2011 feminis
815 1968 1061 2024 peregrinis
1094 1968 1310 2023 originem
1344 1968 1502 2023 capiet,
1538 1969 1593 2009 ad
1624 1969 1740 2010 hanc
1772 1967 1837 2009 in-

145 2039 286 2082 sulam
330 2038 494 2091 veniet,
544 2053 599 2081 ex
640 2039 713 2081 illa
743 2040 902 2081 Battus
943 2042 1189 2094 prognatus
1222 2038 1402 2081 Phoebo
1442 2041 1652 2081 monente
1686 2038 1837 2081 vatici-

144 2109 268 2151 nium
308 2109 548 2165 implebit.“
613 2109 971 2165 Argonautarum
1011 2108 1324 2164 navigationis,
1371 2108 1541 2151 Iasonis
1586 2109 1839 2151 certaminis

147 2179 367 2223 enarratio
411 2180 499 2222 iam
543 2179 755 2236 sequitur,
805 2182 898 2222 tum
944 2182 1001 2233 (v.
1031 2181 1242 2235 252sqq.)
1291 2182 1661 2222 commemoratur
1701 2179 1839 2234 Argo-

147 2253 307 2293 nautas
339 2250 495 2293 Lemni
528 2264 629 2292 cum
660 2250 835 2293 feminis
875 2250 1071 2293 virorum
1108 2250 1483 2293 interfectricibus
1526 2250 1837 2293 concubuisse:

147 2320 250 2363 inde
272 2320 577 2362 Battiadarum
599 2320 783 2376 gloriam
808 2320 1044 2372 exstitisse,
1071 2320 1174 2363 inde
1199 2320 1316 2363 enim
1338 2321 1559 2376 Euphemi
1582 2320 1841 2376 progeniem

147 2391 192 2433 in
230 2390 371 2433 maius
409 2394 669 2446 provectam
708 2405 818 2443 esse,
860 2392 977 2433 hanc
1017 2405 1121 2434 vero
1157 2405 1256 2433 cum
1289 2391 1652 2434 Lacedaemoniis
1685 2405 1840 2434 conso-

149 2461 311 2503 ciatam
344 2462 534 2504 Theram
567 2460 831 2513 condidisse,
864 2460 967 2503 inde
1001 2460 1216 2516 Cyrenas.

267 2531 488 2574 Hesiodus
507 2531 601 2586 (cfr.
620 2531 672 2573 fr.
692 2534 749 2573 64
766 2531 970 2574 editionis
989 2531 1171 2573 Rzachii
1188 2531 1396 2586 maioris),
1424 2545 1523 2573 cum
1546 2531 1739 2587 fingeret
1761 2531 1841 2573 Ar-

149 2605 369 2657 gonautas
401 2616 563 2645 navem
597 2602 651 2644 ab
675 2601 855 2644 Oceano
889 2602 944 2644 ad
970 2616 1091 2644 mare
1113 2605 1316 2644 nostrum
1337 2616 1417 2658 per
1440 2602 1625 2657 Libyam
1648 2602 1842 2646 humeris

149 2675 365 2728 portasse,
404 2672 627 2715 nescimus
660 2686 717 2714 an
750 2672 803 2714 de
837 2672 1018 2715 Graecis
1057 2672 1170 2714 illius
1208 2672 1402 2727 regionis
1441 2672 1607 2714 colonis
1645 2674 1841 2715 nondum

152 2743 375 2798 cogitarit;
410 2743 543 2786 etiam
576 2757 677 2785 cum
699 2742 735 2784 is
768 2742 844 2799 qui
870 2742 998 2785 nobis
1024 2742 1130 2784 illud
1152 2742 1452 2797 fragmentum
1476 2743 1685 2795 servavit,
1709 2743 1841 2799 Apol-

151 2812 257 2856 lonii
307 2813 545 2856 scholiasta
595 2814 650 2856 ad
682 2813 743 2856 IV
773 2815 870 2867 259,
917 2812 1110 2855 Hesiodo
1166 2815 1209 2855 et
1255 2813 1444 2855 Pindaro
1491 2816 1535 2855 et
1577 2813 1842 2856 Antimacho

153 2883 341 2926 eandem
385 2883 685 2926 narrationem
726 2883 905 2935 tribuat,
946 2882 1136 2925 dubitari
1168 2885 1330 2938 potest,
1370 2897 1521 2925 nonne
1558 2883 1653 2938 ipse
1692 2898 1843 2927 eorum

153 2953 408 2996 testimonia
447 2954 829 2999 contaminaverit.
893 2954 1062 3009 Neque,
1103 2953 1208 3009 quid
1245 2953 1347 2995 huic
1382 2952 1574 2996 Hesiodo
1614 2954 1843 3010 placuerit,

154 3037 422 3078 graecamne
453 3023 525 3067 ille
550 3025 705 3067 urbem
733 3024 933 3079 Cyrenas
963 3024 1092 3076 norit,
1127 3023 1223 3066 elici
1254 3024 1357 3066 inde
1389 3026 1550 3079 potest,
1585 3025 1702 3081 quod
1724 3025 1845 3067 Eoea
