2180 3482
323 245 402 286 122
951 244 1006 277 De
1031 242 1163 277 tabulis
1188 244 1374 286 cyrenaeis

319 351 418 401 sint,
453 349 594 405 prima
617 347 781 390 scilicet
811 348 1054 403 specimina
1078 348 1274 392 eiusdem
1297 348 1403 391 artis
1428 364 1560 406 quam
1582 364 1705 392 nunc
1728 349 2008 405 cyrenaicam

318 435 541 465 vocamus.
605 420 717 461 Item
756 419 1038 461 vasculorum
1077 422 1388 475 spartanorum
1426 420 1731 463 recentissima
1764 435 1787 463 e
1820 420 2010 463 vasculis

319 490 564 547 cyrenaicis
608 488 734 545 quasi
776 492 907 531 enata
946 503 1043 532 esse
1076 490 1317 542 contendit,
1360 489 1423 532 ita
1454 493 1503 532 ut
1534 490 1621 533 iam
1655 491 2009 533 concludendum

317 562 371 603 sit
425 564 563 603 artem
617 559 898 615 cyrenaicam
946 559 1071 615 quasi
1119 561 1343 616 quendam
1397 575 1550 603 cursus
1606 561 1712 604 artis
1761 561 2010 618 Spartanae

316 632 503 687 gradum
534 631 671 673 fuisse
686 630 725 681 ¹).

433 702 491 744 At
522 703 693 744 restant
717 699 928 756 scrupuli:
963 715 1067 742 nam
1091 714 1289 743 conexus
1313 701 1508 743 omnium
1540 702 1696 744 horum
1729 702 2011 745 vasculorum

316 773 431 816 inter
463 786 510 815 se
542 786 633 814 non
664 771 763 813 talis
787 774 866 823 est,
900 774 948 812 ut
982 771 1036 813 de
1070 784 1120 813 eo
1154 771 1344 813 dubitari
1376 786 1468 814 non
1499 771 1631 814 liceat
1643 771 1686 824 2).
1742 774 1867 825 Tum,
1902 787 2009 829 quo-

316 844 445 886 modo
478 843 646 885 factum
679 841 735 883 sit
766 844 815 884 ut
847 841 891 883 in
924 842 1104 885 vasculo
1139 845 1348 898 Spartano
1377 842 1641 895 Arcesilaus,
1677 843 2011 899 Cyrenaeorum

315 928 395 957 rex
458 913 641 968 eiusque
702 916 897 964 caterva,
958 912 1063 955 item
1121 912 1325 955 animalia
1381 913 1591 969 aegyptia
1651 916 1743 956 tam
1804 917 2011 957 accurate

317 984 652 1039 effingerentur,
685 982 908 1039 Droopius
934 997 1025 1025 non
1059 983 1316 1039 explicavit:
1352 983 1625 1026 Arcesilaum
1649 983 1766 1026 enim
1788 999 1879 1026 una
1910 999 2011 1027 cum

317 1055 461 1112 silphii
508 1054 827 1097 mercatoribus
876 1053 1089 1109 Gythium
1137 1054 1192 1096 ad
1243 1057 1421 1110 portum
1473 1054 1722 1097 laconicum
1774 1055 2010 1111 aliquando

316 1125 564 1181 navigasse,
600 1125 698 1181 quis
725 1128 789 1167 est
818 1124 893 1181 qui
927 1125 1105 1167 credat?
1137 1124 1397 1168 Audacioris
1420 1139 1525 1168 vero
1550 1128 1617 1168 est
1639 1126 1821 1169 vascula
1852 1126 1906 1168 ab
1939 1126 2012 1168 illa

317 1196 497 1240 civitate
539 1196 804 1248 abiudicare,
848 1195 893 1237 in
932 1210 1019 1251 qua
1056 1195 1162 1237 illud
1200 1211 1338 1238 unum
1384 1197 1626 1248 vasculum,
1671 1197 1789 1253 quod
1831 1196 2011 1252 originis

317 1267 463 1323 aliqua
494 1267 657 1309 indicia
688 1266 813 1318 ferat,
848 1266 1016 1308 factum
1050 1280 1146 1309 esse
1179 1266 1394 1309 videatur.
1447 1268 1559 1309 Tum
1591 1267 1873 1311 vasculorum
1908 1282 2010 1322 „cy-

316 1337 597 1381 renensium“
633 1337 856 1393 peculiare
890 1340 970 1388 est,
1004 1351 1096 1379 non
1130 1337 1270 1380 solum
1305 1338 1420 1393 quod
1453 1338 1573 1380 luteo
1602 1338 1673 1381 vel
1704 1352 1831 1381 roseo
1865 1338 2012 1380 colore

318 1409 495 1465 depicta
518 1412 634 1460 sunt,
669 1408 744 1464 qui
777 1423 927 1450 rursus
959 1407 1115 1463 figuris
1148 1408 1356 1459 variatur,
1392 1411 1432 1451 et
1468 1409 1587 1464 quod
1618 1408 1872 1450 animalium
1904 1408 2010 1450 ima—

316 1479 443 1535 gines
467 1493 666 1522 seorsum
699 1494 723 1521 a
756 1478 915 1522 ceteris
937 1478 1093 1534 figuris
1128 1479 1253 1535 quasi
1285 1479 1329 1520 in
1363 1479 1505 1521 anulis
1539 1479 1816 1536 quibusdam,
1852 1479 2011 1536 quibus

315 1553 459 1593 totum
492 1565 571 1593 vas
605 1549 810 1604 cingitur,
858 1549 1166 1605 disponuntur,
1209 1564 1364 1593 verum
1398 1550 1531 1593 etiam
1570 1551 1688 1606 quod
1725 1550 1803 1593 loti
1836 1553 1879 1593 et
1910 1550 2012 1592 mali

319 1621 493 1676 granati
534 1620 801 1676 imaginibus
843 1621 1130 1673 decorantur3
1176 1621 1293 1663 lotus
1336 1635 1441 1664 vero
1482 1624 1526 1663 et
1563 1621 1728 1663 malum
1761 1623 2011 1676 granatum,

319 1693 436 1748 quod
468 1691 681 1748 punicum
715 1691 935 1743 dicebant,
977 1690 1123 1747 potius
1163 1692 1218 1734 ad
1249 1691 1445 1734 Africam
1479 1707 1611 1748 quam
1645 1693 1700 1734 ad
1732 1692 2012 1748 Peloponne-

318 1778 414 1804 sum
463 1763 694 1818 quadrant.
772 1762 887 1814 Quid
935 1776 1040 1805 vero
1094 1762 1278 1818 impedit
1331 1762 1567 1819 quominus
1620 1763 1851 1806 credamus
1902 1763 2014 1805 haec

318 1833 499 1876 vascula
536 1833 683 1889 potius
717 1832 905 1888 Cyrenis
940 1833 1145 1889 Spartam
1186 1848 1317 1889 quam
1352 1833 1513 1889 Sparta
1545 1834 1747 1889 Cyrenas
1788 1847 1868 1890 per
1899 1847 2010 1876 mer-

319 1908 491 1947 catores
515 1907 691 1960 portata
713 1903 837 1946 esse?
872 1903 994 1946 Talia
1016 1904 1060 1945 in
1087 1903 1235 1945 multis
1263 1904 1356 1946 aliis
1388 1904 1506 1958 locis,
1540 1904 1763 1957 Naucrati,
1796 1903 2012 1960 Daphnis,

320 1974 534 2027 Corinthi,
568 1974 711 2029 Argis,
746 1974 993 2030 Olympiae,
1026 1974 1240 2029 Aeginae,
1275 1974 1319 2016 in
1352 1975 1550 2025 Boeotia,
1584 1975 1821 2018 Atalantae
1846 1974 1891 2016 in
1914 1973 2013 2018 vico

317 2045 466 2098 locrio,
492 2045 624 2097 Sami,
660 2045 791 2087 etiam
814 2045 859 2086 in
882 2045 1020 2096 Italia,
1056 2045 1187 2087 etiam
1213 2045 1363 2088 Gordii
1388 2045 1433 2087 in
1458 2045 1620 2102 oppido
1643 2045 1846 2102 phrygio,
1881 2045 2014 2088 etiam

320 2117 363 2158 in
387 2116 545 2159 Russia
571 2115 845 2158 meridionali
859 2115 889 2169 ³)
912 2115 1095 2158 inventa
1120 2119 1234 2158 sunt.
1269 2116 1411 2171 Argos
1435 2120 1477 2159 et
1501 2116 1708 2172 Olympia
1731 2130 1831 2158 cum
1854 2115 2016 2171 Sparta

318 2187 507 2230 fortasse
543 2186 699 2229 melius
738 2185 1025 2237 conveniunt,
1071 2201 1340 2242 quamquam
1379 2190 1731 2230 consentaneum
1771 2189 1838 2229 est
1876 2186 2013 2242 Cyre-

320 2271 468 2309 naeos,
504 2272 690 2313 quorum
714 2257 818 2298 urbs
842 2257 896 2298 ad
919 2270 1040 2299 mare
1063 2256 1228 2299 iaceret
1260 2257 1368 2299 mari
1402 2272 1427 2300 a
1458 2258 1627 2314 reliquo
1661 2260 1877 2300 terrarum
1909 2257 2015 2300 orbe

322 2331 539 2383 separata,
593 2341 735 2383 usque
787 2331 841 2368 ab
895 2326 1019 2369 initio
1073 2327 1348 2370 commerciis
1396 2328 1625 2370 maritimis
1678 2327 1850 2370 deditos
1898 2341 2013 2380 esse3

319 2399 590 2455 Daphnaeos
632 2402 674 2441 et
718 2398 1045 2440 Naucratenses
1098 2398 1298 2454 Spartae,
1346 2413 1437 2441 non
1487 2398 1673 2454 Cyrenis
1721 2398 1875 2441 fictilia
1915 2403 2014 2440 co'e-

442 2516 466 2560 ¹)
495 2516 565 2550 Cfr.
585 2516 716 2560 Droop,
742 2517 836 2551 Ann.
862 2519 896 2553 of
921 2519 982 2553 the
1006 2518 1098 2553 Brit.
1119 2518 1246 2553 School
1273 2521 1313 2552 at
1335 2518 1420 2552 Ath.
1441 2517 1531 2552 XIII
1547 2517 1629 2559 135;
1656 2516 1742 2552 XIV
1759 2516 1805 2550 30
1816 2526 1908 2559 sqq.;
1934 2515 2016 2550 JHS

320 2574 422 2608 XXX
444 2575 544 2616 1910,
574 2576 677 2618 isqq.

439 2634 465 2678 2)
491 2635 688 2669 Dubitavit
713 2636 760 2670 M.
782 2637 1019 2680 Heinemann,
1051 2635 1368 2671 Landschaftliche
1394 2635 1580 2670 Elemente
1606 2635 1644 2668 in
1670 2634 1732 2668 der
1758 2633 1897 2669 alteren
1922 2633 2016 2677 grie-

321 2691 487 2726 chischen
513 2693 636 2728 Kunst
660 2694 715 2737 38,
744 2695 774 2729 2.

440 2752 465 2795 ³)
494 2752 623 2786 Omnia
664 2753 737 2787 fere
780 2754 929 2788 vascula
971 2754 1151 2788 indicavit
1190 2753 1339 2788 Carolus
1378 2753 1514 2796 Dugas,
1558 2752 1682 2786 Revue
1719 2750 2014 2795 Archeologique,

322 2811 426 2843 seriei
453 2811 474 2843 4
500 2811 533 2844 X
560 2812 661 2855 1907,
698 2812 742 2847 48
755 2823 847 2855 sqq.;
883 2813 977 2847 idem
1003 2813 1209 2857 fragmenta
1235 2824 1257 2847 a
1282 2811 1524 2846 Waldsteinio
1551 2812 1588 2844 in
1614 2810 1748 2853 templo
1774 2809 1922 2843 Iunonis
1949 2809 2016 2843 Ar-

321 2869 404 2911 givo
442 2870 592 2904 inventa
630 2871 842 2915 neglexerat
884 2872 1118 2915 (Waldstein,
1154 2871 1229 2905 The
1267 2871 1402 2913 Argive
1440 2870 1620 2903 Heraeum
1656 2869 1693 2902 II
1724 2868 1823 2912 173);
1867 2867 2017 2910 cylicem

323 2926 547 2961 Corinthiam
566 2929 805 2973 effingendam
825 2932 968 2964 curavit
986 2931 1115 2973 Droop,
1142 2928 1224 2964 JHS
1245 2928 1404 2964 XXVIII
1423 2928 1524 2971 1908,
1545 2929 1621 2962 175.
1649 2927 1808 2963 Vascula
1826 2926 2016 2970 cyrenaica

324 2984 359 3017 in
377 2984 510 3019 Russia
536 2988 762 3022 meridionali
787 2990 938 3023 inventa
964 2999 1041 3023 esse
1067 2988 1265 3023 affirmavit
1282 2987 1328 3021 M.
1347 2987 1572 3021 Heinemann
1592 2985 1708 3030 (ibd.);
1735 2985 1899 3028 equidem
1925 2994 2016 3027 quae

323 3044 549 3089 significarit,
578 3048 706 3089 nescio,
734 3058 951 3090 quamquam
978 3048 1038 3081 diu
1064 3048 1238 3090 quaesivi.
