2180 3482
360 231 416 272 34
998 226 1051 261 De
1075 225 1206 270 hymno
1232 226 1410 270 Apollinis

360 333 592 385 invenerit,
626 346 738 374 unas
759 335 910 376 tamen
933 332 1135 388 Cyrenas
1166 331 1261 388 ipse
1294 333 1544 376 condidisse
1575 333 1669 376 iure
1692 333 1881 386 dicatur,
1916 334 2047 376 Batto

361 405 477 447 enim
510 403 586 446 uni
618 403 739 445 illum
772 406 1054 459 praesentem
1086 403 1208 445 urbis
1239 404 1385 447 locum
1417 407 1699 446 monstrasse.

478 475 530 518 55
548 489 611 530 sq.
668 474 1000 517 Sententiarum
1043 488 1157 531 quae
1197 474 1313 518 inter
1354 488 1401 518 se
1441 476 1597 528 μὲν-ὂὲ
1639 474 1798 517 additis
1839 475 2048 530 iugantur

359 546 496 588 altera
540 559 641 587 cum
681 545 830 602 Φοίβῳ
863 544 899 588 δ’
935 547 1174 599 ἑσπόμενοι
1211 547 1373 598 πόλιας
1419 547 1759 602 ὁιεμετρήσαντο
1807 547 2047 602 ἄνθρωποι

359 614 662 671 coniungitur,
722 629 811 657 non
862 615 1005 671 pri0r3
1065 630 1196 671 quam
1247 615 1456 671 loquendi
1511 615 1878 658 consuetudinem
1933 616 2047 672 aptis

359 686 572 743 exemplis
618 685 786 728 collatis
831 685 1071 741 explicavit
1116 685 1289 728 Vahlen
1334 700 1484 741 opusc.
1522 686 1644 728 acad.
1684 687 1702 727 I
1737 689 1820 728 315
1846 701 1930 742 sq.;
1976 686 2047 729 hic

358 757 475 800 enim
515 758 638 800 locus
679 756 739 799 ita
780 756 872 799 fere
913 756 1240 812 intellegendus
1283 760 1367 799 est:
1414 756 1581 799 Phoebi
1624 757 1875 813 exemplum
1908 757 2048 800 secuti

356 828 557 871 homines
589 828 721 870 urbes
761 827 946 870 dimensi
986 830 1108 877 sunt,
1149 826 1220 870 ille
1259 827 1375 870 enim
1415 841 1505 869 non
1543 827 1682 869 solum
1721 827 1903 870 urbibus
1942 842 2045 870 con-

358 899 459 941 ditis
491 899 750 950 delectatur,
790 898 868 940 sed
906 898 1001 954 ipse
1032 897 1323 941 fundamenta
1362 897 1528 950 statuit,
1569 898 1701 940 etiam
1740 898 1906 954 primus
1944 898 2047 941 iecit

358 970 570 1026 Ortygiae
610 972 819 1025 quattuor
858 983 998 1011 annos
1036 971 1179 1011 natus.
1218 995 1268 999 —-
1305 969 1355 1013 57
1390 968 1524 1011 Vocis
1557 971 1765 1025 ὑφαίνειν
1796 969 1880 1011 hac
1913 968 2046 1024 signi-

358 1041 566 1083 ficatione
600 1039 769 1096 positae
809 1039 1013 1096 exempla
1053 1039 1157 1082 satis
1197 1042 1327 1082 sunto
1367 1053 1481 1095 quae
1519 1039 1565 1081 in
1598 1040 1823 1082 Thesauro
1864 1039 2048 1082 collecta

357 1115 479 1165 sunt3
527 1112 768 1167 λινθνφεῖς
807 1111 971 1164 ὁόμους
1015 1110 1121 1152 illud
1160 1110 1443 1165 aeschyleum
1483 1110 1704 1152 Prometh.
1734 1112 1821 1151 450
1860 1110 2046 1152 contulit

358 1182 614 1225 Schneider.
650 1206 704 1211 —
743 1181 798 1222 Et
840 1184 1064 1236 πηγνύναι
1103 1184 1145 1223 et
1179 1184 1388 1237 ὑφαίνειν
1428 1184 1468 1223 et
1509 1182 1691 1224 πλέκειν
1731 1194 1782 1224 ea
1821 1181 1875 1223 de
1914 1194 2047 1223 causa

358 1252 652 1296 Callimachus
685 1251 930 1307 usurpavit,
966 1251 1084 1307 quod
1115 1251 1272 1307 Apollo
1304 1266 1395 1294 non
1435 1265 1642 1294 saxorum
1680 1265 1827 1308 neque
1858 1251 2045 1294 latercu-

355 1325 495 1366 lorum
534 1323 693 1366 molem
733 1321 966 1374 exstruxit,
1008 1322 1084 1364 sed
1124 1336 1290 1364 cornua
1329 1322 1483 1365 callide
1523 1322 1760 1374 conseruit,
1799 1326 1849 1364 ut
1888 1321 2045 1364 funda-

355 1398 505 1438 menta
538 1393 676 1436 solida
707 1407 731 1436 e
769 1393 871 1435 laxa
902 1393 1113 1448 lentaque
1140 1393 1325 1435 materia
1356 1393 1528 1436 fierent.
1567 1420 1619 1425 —
1653 1391 1703 1437 61
1742 1394 1925 1448 σῦνεχὲς
1958 1395 2049 1436 αἰεί

356 1480 411 1508 ex
445 1483 458 1508 ι
482 1467 538 1507 74
570 1464 861 1520 deprompsit,
902 1464 1016 1506 idem
1050 1463 1135 1506 iam
1169 1463 1337 1506 fecerat
1368 1463 1531 1506 Aratus
1564 1479 1603 1507 v.
1637 1465 1692 1506 20
1724 1463 1855 1507 πάντ’
1897 1467 2046 1519 ἤματα

357 1537 539 1592 συνεχὲς
572 1538 670 1578 αἰεί.
704 1561 758 1565 -
793 1534 849 1579 64
880 1535 949 1577 De
981 1548 1092 1577 voce
1125 1536 1311 1591 ἐγείρειν
1344 1533 1573 1577 sufficiunt
1607 1548 1721 1591 quae
1752 1534 1797 1576 in
1820 1535 2045 1577 Thesauro

355 1608 566 1650 adnotata
607 1608 728 1659 sunt3
772 1621 909 1648 unum
949 1605 1148 1656 adiciam,
1197 1605 1258 1648 ita
1293 1619 1472 1661 prorsus
1506 1605 1623 1648 illam
1658 1619 1814 1649 vocem
1849 1604 2046 1647 adhiberi

355 1678 400 1720 in
444 1677 570 1720 titulo
616 1676 687 1719 illo
725 1676 840 1732 lycio
889 1676 1046 1719 aetatis
1089 1676 1370 1719 Hadrianeae
1406 1675 1667 1732 Rhodiapoli
1711 1675 1909 1727 invento,
1958 1689 2045 1731 quo

355 1750 604 1806 Opramoae
625 1747 909 1791 liberalitates
933 1746 1247 1803 praedicantur
1270 1749 1336 1802 (τὸ
1359 1748 1480 1804 ἱερὸν
1502 1752 1578 1803 τῆς
1595 1748 1873 1803 Ἐλευθέρας
1891 1748 2048 1803 ἐγείρει

355 1820 606 1874 Heberdey,
641 1818 886 1875 Opramoas
920 1834 961 1874 p.
986 1821 1054 1870 50,
1089 1818 1168 1860 col.
1193 1818 1305 1860 XIX
1327 1818 1365 1860 A
1387 1820 1457 1870 113
1493 1817 1569 1860 cfr.
1595 1831 1774 1874 quoque
1796 1817 1904 1859 XIII
1932 1817 2045 1870 D9);

354 1891 415 1933 ita
447 1905 625 1946 prorsus
660 1889 791 1933 etiam
824 1889 869 1930 in
901 1889 1027 1931 titulo
1060 1889 1079 1930 I
1112 1904 1153 1945 p.
1180 1888 1281 1932 Chr.
1305 1904 1347 1931 n.
1383 1888 1546 1932 saeculi
1579 1887 1831 1931 Mantineae
1862 1887 2047 1932 invento

356 1962 611 2017 (Fougeres,
644 1959 871 2003 Mantinee
904 1963 1002 2012 530,
1023 1963 1114 2013 35);
1149 1963 1396 2017 ἀνεγείρειν
1428 1960 1659 2015 vulgatum
1693 1962 1772 2002 est.
1809 1985 1861 1990 -—

471 2033 564 2075 Iam
596 2032 651 2074 ad
682 2031 876 2073 fabulam
910 2031 1231 2086 aggrediamur.
1282 2031 1487 2073 Phoebus
1521 2033 1730 2087 quattuor
1752 2043 1894 2072 annos
1916 2032 2046 2071 natus

353 2103 494 2160 prima
525 2102 817 2145 fundamenta
850 2101 1022 2147 struxit.
1080 2102 1390 2144 Fundamenta
1423 2104 1465 2144 et
1499 2115 1619 2143 aram
1653 2104 1697 2143 et
1729 2100 1894 2143 circum
1927 2114 2047 2142 aram

354 2188 502 2216 muros
545 2187 568 2216 e
609 2173 815 2216 cornibus
860 2172 1102 2224 conseruit,
1153 2187 1266 2228 quae
1307 2172 1366 2214 illi
1409 2172 1555 2214 Diana
1598 2186 1721 2214 soror
1762 2185 1918 2227 capras
1932 2171 1959 2223 ¹)
2002 2170 2046 2212 in

355 2244 533 2300 Cyntho
588 2243 818 2286 cacumine
865 2243 978 2286 delio
1027 2247 1192 2287 venata
1238 2243 1456 2300 portabat.
1531 2242 1736 2285 Phoebus
1784 2241 1846 2284 ita
1885 2241 2046 2284 festine

353 2319 551 2358 maturus
574 2317 948 2371 repraesentatur,
983 2318 1044 2367 ut,
1073 2329 1173 2357 cum
1196 2328 1350 2357 omnes
1374 2314 1417 2356 di
1440 2314 1484 2355 in
1506 2314 1591 2356 hoc
1615 2312 1859 2356 carminum
1881 2326 2046 2368 genere

355 2401 441 2443 quo
474 2386 644 2429 illorum
677 2390 808 2442 γοναί
838 2388 1088 2438 narrantur,
1122 2388 1217 2427 tum
1240 2385 1517 2441 potissimum
1540 2384 1655 2427 idem
1680 2384 1788 2426 deus
1810 2383 1856 2425 in
1878 2384 2045 2438 hymno

353 2456 568 2513 Apollinis
602 2456 837 2499 homerico.
903 2456 987 2508 Qui
1025 2456 1100 2498 ubi
1133 2455 1321 2512 primum
1360 2458 1492 2498 natus
1532 2458 1610 2507 est,
1651 2454 1732 2496 sibi
1770 2453 1866 2496 iura
1902 2453 1948 2495 in
1987 2453 2044 2496 ci-

354 2528 525 2570 tharam
559 2530 601 2570 et
634 2527 678 2569 in
711 2542 861 2569 arcum
895 2527 1193 2584 sagittamque
1226 2526 1412 2569 asseruit
1446 2530 1504 2577 (v.
1533 2528 1614 2568 130
1627 2527 1740 2582 sqq.)
1775 2528 1909 2581 atque
1940 2524 2044 2567 Del-

354 2599 464 2654 phos
496 2597 738 2649 festinavit,
779 2601 826 2640 ut
860 2597 942 2640 sibi
974 2597 1201 2640 oraculum
1233 2597 1552 2653 adipisceretur
1585 2601 1642 2648 (v.
1673 2597 1752 2637 182
1772 2600 1867 2651 sq).
1932 2595 2044 2637 Item

472 2740 498 2784 1)
525 2739 577 2773 Ob
596 2749 724 2783 capras
743 2739 972 2781 Κυνθιάὸας
990 2741 1101 2783 epigr.
1121 2739 1165 2773 63
1184 2739 1374 2782 exscripsit
1401 2737 1547 2780 Suidas;
1574 2738 1635 2772 ubi
1661 2740 1784 2771 tamen
1802 2735 1902 2770 illam
1920 2746 2043 2770 vocem

354 2799 405 2841 (in
438 2799 557 2832 codice
583 2797 826 2842 Anthologiae
852 2798 1046 2832 Palatinae
1072 2797 1271 2839 Κυνθίὸες
1302 2796 1476 2841 traditur)
1509 2798 1715 2839 corruptam
1749 2804 1827 2828 esse
1859 2793 2046 2828 contendit

354 2857 670 2900 Wilamowitzius,
689 2857 862 2891 audacter
880 2857 940 2890 ille
959 2857 1101 2898 quidem
1132 2856 1192 2891 sed
1212 2856 1367 2890 fortasse
1391 2858 1498 2889 recte.
1539 2854 1701 2889 Venator
1726 2854 1821 2887 enim
1841 2852 2045 2887 Κυνθιάσι

354 2917 491 2949 animos
522 2915 627 2956 facit;
661 2926 761 2949 arma
788 2916 893 2957 enim,
926 2915 1055 2956 quibus
1082 2925 1206 2949 earum
1231 2917 1416 2949 ἐκένωσεν
1443 2914 1526 2958 ὄρος
1551 2915 1659 2958 μέγα,
1692 2914 1765 2946 iam
1797 2911 1937 2945 Dianae
1963 2911 2045 2946 Deli

353 2974 516 3017 pendere.
568 2975 618 3007 At
643 2974 707 3008 illa
732 2977 856 3008 aetate
883 2974 993 3007 Delus
1020 2973 1166 3016 templis
1193 2973 1345 3015 aliisque
1371 2971 1546 3006 aedificiis
1571 2975 1658 3013 tam,
1686 2975 1727 3005 ut
1750 2972 1805 3005 ita
1831 2970 1957 3012 dicam,
1986 2970 2044 3003 ob-

354 3037 438 3066 ruta.
464 3035 553 3069 erat,
581 3036 623 3066 ut
648 3033 769 3067 nullus
795 3034 866 3066 iam
894 3033 1012 3075 capris
1039 3032 1267 3067 silvestribus
1293 3031 1392 3066 locus
1419 3034 1525 3065 esset.
