2180 3482
605 237 723 279 Quare
749 237 939 272 Aristaeus
966 238 1127 280 Cyrenae
1153 239 1361 281 suppositus
1387 239 1436 272 sit
1784 240 1863 280 103

175 344 274 386 dam
308 343 557 399 complures
589 341 814 384 Aristaeos
856 342 1124 394 distinxisse,
1171 357 1358 398 quorum
1401 346 1606 399 quartum
1640 342 1779 386 Urani
1821 345 1864 385 et

175 414 323 456 Gaeae
355 412 495 454 fih'um
526 411 676 454 fuisse.
729 412 788 453 At
810 412 1028 454 Pindarus
1052 413 1122 455 vel
1155 413 1301 468 potius
1324 413 1544 455 Hesiodus
1571 414 1655 455 1100
1679 416 1865 455 stemma

174 487 316 536 norat,
350 482 566 539 siquidem
599 482 798 526 narravit
830 497 918 525 non
953 483 1097 525 Horas
1129 486 1304 525 tantum
1337 497 1492 527 verum
1533 484 1663 526 etiam
1698 483 1864 525 Gaeam

174 557 328 597 nectar
366 556 409 596 et
447 552 712 595 ambrosiam
751 552 956 594 infantuli
1002 553 1171 595 labellis
1210 553 1437 605 infudisse,
1478 553 1521 595 id
1560 556 1625 596 est
1669 554 1786 595 illum
1818 553 1863 594 in

173 624 251 666 filii
294 625 440 666 locum
485 624 744 679 adoptatum
791 637 845 666 ex
890 623 1068 666 homine
1102 624 1246 675 deum,
1293 637 1316 666 e
1357 623 1530 666 mortali
1572 623 1864 666 immortalem

172 695 343 737 fecisse.
407 694 516 736 Inde
549 694 765 736 concludo
793 693 1036 736 Hesiodum
1068 693 1257 749 primum
1291 708 1380 736 11011
1413 697 1586 735 tantum
1614 693 1863 736 Aristaeum

173 766 305 808 deum
352 764 637 807 thessalicum
684 778 707 806 e
749 764 977 807 Thessalia
1022 764 1066 805 in
1108 764 1294 819 Libyam
1337 764 1632 815 transtulisse,
1674 767 1768 805 tum
1810 764 1865 806 de

174 835 314 891 Libya
351 835 396 878 in
429 835 701 878 Thessaliam
740 838 1004 891 reportasse,
1045 849 1199 878 verum
1240 835 1371 877 etiam
1406 834 1525 876 illum
1559 834 1748 889 primum
1780 834 1863 876 fin-

173 906 292 949 xisse
320 905 572 948 Aristaeum
606 905 785 961 Cyrena
816 908 970 947 natum
1004 919 1113 948 esse.
1178 905 1235 946 At
1268 905 1303 946 si
1336 906 1512 959 Cyrene
1547 905 1640 960 ipsa
1672 905 1866 947 thessala

171 976 341 1028 fuisset,
385 976 423 1019 ei
466 991 577 1032 opus
617 991 708 1019 non
750 978 843 1018 erat
885 975 1136 1018 Aristaeum
1181 975 1239 1016 illi
1287 975 1453 1018 invitae
1494 975 1680 1017 invitum
1725 974 1865 1016 filium

172 1046 395 1090 inculcare
436 1046 661 1101 legitimae
699 1046 829 1088 matri
862 1046 1010 1089 Gaeae
1044 1046 1321 1101 ademptum3
1363 1060 1450 1100 qua
1489 1059 1594 1088 vero
1635 1046 1690 1087 de
1729 1060 1865 1087 causa

171 1118 291 1169 fecit,
325 1117 410 1159 nisi
433 1120 482 1159 ut
505 1117 715 1172 Cyrenen
741 1116 970 1159 heroinam
998 1130 1089 1158 non
1111 1116 1350 1158 thessalam
1374 1115 1418 1156 in
1441 1115 1716 1158 Thessaliam
1740 1115 1865 1171 quasi

172 1187 445 1230 insinuaret?

290 1258 416 1310 Quae
454 1257 580 1300 nobis
614 1256 818 1300 effecisse
851 1257 1064 1309 videmur,
1108 1256 1261 1313 paucis
1294 1257 1734 1312 comprehendamus,
1783 1255 1866 1298 iter

171 1330 226 1371 ad
267 1327 501 1384 sequentia
544 1327 807 1370 muniamus.
871 1327 1098 1370 Aristaeus
1138 1328 1245 1370 deus
1278 1327 1497 1369 thessalus
1541 1326 1636 1378 fuit,
1688 1326 1865 1381 Cyrene

171 1398 290 1441 urbis
341 1398 516 1454 libycae
579 1413 813 1454 eponyma.
898 1399 1037 1441 Poeta
1098 1398 1278 1454 quidam
1339 1397 1563 1440 hesiodius
1614 1397 1865 1440 Aristaeum

170 1469 363 1525 Apollini
416 1473 460 1512 et
513 1469 718 1524 Cyrenae
774 1468 914 1511 filium
966 1468 1212 1525 supposuit,
1276 1471 1325 1510 ut
1376 1469 1492 1510 hanc
1545 1468 1712 1510 scilicet
1764 1482 1865 1510 cum

172 1540 399 1582 Thessalia
437 1539 742 1595 coniungeret.
798 1539 955 1581 Filium
994 1540 1225 1582 mortalem
1264 1538 1387 1581 nasci
1424 1552 1609 1581 necesse
1640 1537 1745 1591 fuit3
1794 1537 1865 1580 ille

172 1614 305 1666 poeta
336 1610 468 1652 finxit
501 1624 602 1653 eum
634 1610 903 1652 infantulum
935 1624 961 1652 a
988 1610 1122 1661 Gaea,
1156 1623 1271 1665 quae
1304 1609 1404 1651 olim
1438 1611 1579 1651 mater
1610 1608 1755 1651 fuerat
1788 1618 1863 1664 ge*—

172 1681 323 1733 nuina,
364 1695 455 1723 non
494 1680 718 1737 adoptiva,
757 1680 803 1722 in
844 1680 923 1722 filii
959 1681 1105 1723 locum
1144 1680 1404 1736 adoptatum
1436 1682 1571 1735 atque
1603 1679 1648 1720 in
1681 1679 1863 1722 deorum

172 1754 348 1795 coetum
382 1754 612 1808 receptum
646 1765 754 1794 esse.
803 1751 1019 1803 Aristaeo,
1053 1750 1263 1793 heroinae
1294 1750 1469 1805 libycae
1502 1749 1606 1801 filio,
1640 1749 1685 1790 in
1723 1749 1865 1804 Libya

169 1822 293 1865 nasci
331 1837 442 1878 opus
482 1822 585 1876 fuit;
628 1822 849 1865 Hesiodus
887 1821 1085 1865 narravit
1127 1836 1227 1864 eum
1266 1820 1481 1863 infantem
1514 1820 1559 1861 in
1593 1820 1864 1862 Thessaliam

168 1896 444 1949 reportatum
477 1907 586 1936 esse.
637 1892 723 1945 Qui
754 1907 860 1937 vero
885 1892 1096 1948 Cyrenen
1120 1892 1175 1934 ad
1197 1891 1344 1934 Peliae
1367 1891 1585 1933 tumulum
1618 1890 1864 1933 cucurrisse

169 1963 344 2015 cecinit,
379 1966 479 2020 post
511 1964 678 2006 Eoeam
712 1963 899 2020 scripsit.

287 2034 520 2090 Reliquom
554 2038 619 2077 est
653 2037 701 2076 ut
728 2048 1007 2090 quaeramus,
1042 2047 1129 2089 qua
1161 2033 1216 2076 de
1248 2047 1383 2075 causa
1414 2031 1635 2075 Hesiodus
1668 2031 1862 2073 fabulam

168 2105 478 2161 composuerit,
513 2119 628 2161 quae
661 2119 761 2147 cum
794 2105 1105 2147 Thessalorum
1138 2103 1420 2159 opinionibus
1453 2104 1507 2145 de
1538 2102 1740 2145 Aristaeo
1772 2104 1861 2144 tam

168 2176 458 2218 vehementer
499 2175 742 2219 dissideret.
809 2175 908 2218 Non
942 2174 1141 2231 profecto
1181 2177 1230 2216 ut
1268 2174 1502 2230 pulchrum
1535 2187 1712 2215 carmen
1747 2187 1863 2215 com-

167 2249 374 2301 poneret3
430 2246 574 2302 potuit
622 2246 739 2288 enim
787 2246 961 2301 fingere
1010 2245 1218 2301 Cyrenen
1264 2244 1310 2286 in
1358 2244 1600 2300 quamlibet
1646 2246 1863 2286 terrarum

168 2315 284 2358 orbis
322 2316 551 2372 regionem
594 2320 768 2373 raptam
810 2315 1051 2373 quemlibet
1091 2315 1231 2357 filium
1269 2315 1490 2370 genuisse.
1554 2315 1710 2370 Neque
1743 2328 1862 2365 vero,

167 2389 215 2428 ut
237 2386 431 2443 Apollini
452 2387 670 2444 Delphico
703 2386 1044 2442 gratificaretur,
1078 2388 1127 2428 ut
1149 2385 1386 2428 Maltenius
1409 2387 1466 2440 (p.
1497 2387 1564 2439 10)
1593 2385 1864 2427 contendere

167 2456 363 2510 videtur3
389 2457 522 2500 fuerit
543 2458 647 2500 licet
664 2457 735 2500 ille
752 2457 973 2500 Hesiodus
989 2455 1232 2512 Delphicus
1251 2482 1299 2485 —
1319 2469 1587 2511 quamquam
1605 2454 1863 2497 Maltenium

168 2527 211 2568 id
237 2528 564 2570 demonstrasse
586 2542 722 2583 nego:
758 2528 875 2584 quod
904 2527 1020 2570 enim
1055 2527 1160 2568 illud
1191 2526 1296 2568 inde
1319 2525 1555 2577 concludit,
1590 2526 1709 2581 quod
1731 2528 1864 2581 poeta

167 2598 416 2654 complures
439 2599 558 2650 deos,
591 2598 857 2650 Aristaeum,
891 2598 1043 2640 Iovem
1066 2597 1329 2648 Aristaeum,
1365 2596 1615 2652 Apollinem
1642 2595 1861 2647 Nomium,

165 2668 375 2723 Agmum,
419 2669 650 2724 Opaonem
691 2669 737 2710 in
778 2683 913 2711 unam
953 2667 1140 2710 formam
1182 2667 1367 2722 redegit,
1417 2666 1662 2708 infirmiore
1703 2665 1861 2707 funda-

166 2741 315 2781 mento
348 2739 522 2792 nititur3
566 2754 667 2781 nam
709 2739 807 2795 quis
840 2739 1030 2794 spondet
1063 2737 1178 2780 solos
1211 2738 1463 2780 sacerdotes
1498 2736 1724 2792 delphicos
1756 2735 1862 2777 illud

166 2809 387 2852 voluisse?
437 2824 525 2866 qua
572 2824 676 2852 vero
724 2809 896 2851 ratione
947 2808 1052 2849 illud
1091 2810 1251 2863 poetae
1288 2807 1541 2849 institutum
1581 2821 1681 2848 cum
1719 2808 1862 2848 matre

168 2878 346 2934 Cyrena
373 2880 608 2922 cohaeret?
643 2906 696 2910 —
732 2880 810 2922 sed
841 2878 973 2921 fuerit
1004 2877 1109 2920 licet
1140 2877 1212 2920 ille
1240 2880 1373 2933 poeta
1394 2876 1651 2932 Delphicus,
1688 2890 1776 2932 qua
1808 2876 1863 2918 de

168 2963 302 2991 causa
348 2952 482 3005 poeta
529 2950 758 3006 delphicus
801 2949 1046 3005 nympham
1087 2948 1279 3003 libycam
1320 2947 1365 2989 in
1405 2946 1677 2990 Thessaliam
1717 2950 1861 2988 trans-

166 3019 319 3063 tulisse
340 3021 565 3077 putandus
585 3020 653 3073 sit,
676 3035 767 3062 non
791 3034 1017 3076 assequor.
1040 3019 1178 3061 Immo
1197 3018 1243 3060 in
1260 3018 1490 3062 Boeotiam
1506 3017 1698 3061 fecisset.
1725 3016 1860 3074 Equi-
