2180 3482
610 234 664 269 De
689 246 721 269 v.
741 234 785 268 23
811 244 885 276 sqq.
937 235 990 268 De
1016 235 1128 269 tertia
1153 235 1322 277 pericopa
1759 236 1807 275 15

112 341 315 397 Apolline
353 340 536 396 punitae
575 342 726 383 essent
765 339 979 392 (Thetidis
1020 339 1136 382 enim
1171 353 1348 394 quoque
1380 339 1497 381 filius
1529 338 1720 382 Achilles
1753 340 1808 380 ab

113 411 315 467 Apolline
347 410 610 453 interfectus
644 413 728 452 est:
762 410 806 452 X
840 412 956 463 359),
990 412 1193 452 tacerent
1224 412 1387 461 tamen,
1422 424 1521 451 cum
1556 409 1683 452 aoedi
1715 409 1808 451 eius

113 481 299 525 virtutes
338 483 727 537 prosequerentur.
791 481 921 522 Nunc
960 481 1141 522 chorum
1181 480 1324 521 denuo
1366 483 1408 535 ῐὶ]
1449 484 1492 535 ἰή
1525 480 1809 523 invocantem

113 567 212 594 cum
252 550 451 603 audierit,
511 551 686 592 turbam
731 550 854 593 iubet
897 550 1037 606 ipsam
1078 564 1225 591 sacras
1265 549 1359 591 illas
1400 565 1532 593 voces
1577 564 1806 593 resonare:

112 623 288 664 turbam
330 621 460 673 enim,
504 636 595 663 non
637 622 817 663 chorum
860 620 1108 676 alloquitur,
1156 620 1230 676 qui
1268 619 1353 662 iam
1388 621 1518 662 canit.
1582 622 1692 663 Inde
1734 635 1808 663 ex—

114 693 302 749 plicatur
343 692 461 748 quod
506 691 551 733 in
591 692 744 734 eadem
785 691 995 747 pericopa
1032 691 1186 746 paucis
1218 690 1420 734 versibus
1458 690 1700 733 interiectis
1731 692 1810 733 τὸν

111 765 248 820 χορόν
280 765 337 817 (ν.
363 765 434 814 28)
467 762 681 813 nominat,
715 762 759 803 id
786 762 903 817 quod
935 776 1026 803 non
1059 761 1240 813 faceret,
1275 760 1309 802 si
1338 760 1432 816 ipse
1460 775 1559 803 cum
1593 775 1644 803 eo
1679 762 1808 803 collo-

113 833 373 889 queretur¹).
436 833 670 874 Monuerat
703 846 823 884 sane,
863 835 911 873 ut
938 832 1128 887 populus
1160 835 1347 885 taceret,
1380 846 1501 873 nunc
1534 846 1638 874 vero
1678 832 1809 874 etiam

110 904 312 945 hortatur
349 903 583 945 formulam
621 902 737 944 illam
778 902 952 954 iterare,
992 902 1037 943 in
1071 917 1159 957 qua
1190 916 1238 944 re
1268 916 1553 958 progressum
1588 903 1808 957 quendam

112 974 242 1017 facile
277 974 543 1030 dispicimus.
609 974 840 1028 Populum,
874 976 924 1015 ut
956 972 1059 1024 dixi,
1099 974 1300 1015 hortatur
1337 973 1430 1014 illas
1470 987 1605 1015 voces
1637 973 1808 1015 tollere:

113 1044 297 1101 periculi
321 1044 437 1087 enim
469 1044 648 1100 plenum
682 1058 779 1086 esse
806 1058 906 1085 cum
929 1043 994 1085 dis
1018 1045 1193 1099 ἐρίζειν,
1219 1044 1501 1086 contendere.
1548 1044 1660 1085 Tota
1681 1043 1810 1085 huius

114 1116 349 1158 verborum
368 1115 626 1170 complexus
646 1114 711 1157 vis
730 1114 774 1155 in
793 1114 863 1155 illo
884 1116 1047 1171 ἐρίζειν
1064 1114 1207 1169 posita
1226 1116 1304 1156 est.
1341 1114 1459 1156 Sane
1473 1128 1564 1155 non
1579 1114 1720 1156 solum
1736 1127 1810 1157 eos

115 1185 189 1242 qui
210 1186 377 1240 legant,
401 1185 570 1227 Niobae
593 1199 683 1226 non
707 1184 906 1227 oblivisci
930 1185 1037 1234 vult,
1062 1187 1110 1226 ut
1128 1185 1356 1227 Vahlenus
1378 1184 1563 1236 monuit,
1583 1185 1661 1227 sed
1679 1184 1810 1227 etiam

114 1256 271 1299 eodem
304 1256 440 1299 verbo
474 1270 579 1297 usus
612 1255 725 1297 illius
757 1255 900 1298 scelus
934 1269 1033 1297 cum
1067 1269 1219 1297 eorum
1252 1255 1418 1297 scelere
1453 1257 1694 1310 comparat,
1737 1255 1811 1311 qui

114 1340 205 1368 non
248 1329 291 1383 ἰὴ
333 1329 376 1382 ἰή
418 1326 463 1367 in
496 1325 711 1381 Apollinis
751 1325 886 1367 sacris
929 1326 1132 1368 clament.
1196 1326 1297 1367 Non
1327 1325 1474 1367 minus
1505 1325 1550 1367 hi
1583 1340 1714 1381 quam
1752 1325 1811 1367 illi

115 1411 215 1439 cum
249 1397 314 1438 dis
347 1398 568 1453 ἐρίζουσιν
604 1396 695 1448 „dis
722 1399 990 1452 repugnant,
1025 1396 1090 1438 dis
1123 1397 1449 1449 aemulantur&
1485 1410 1599 1451 quae
1632 1399 1810 1439 senten-

114 1467 202 1510 tiae
236 1468 355 1524 apud
389 1467 582 1510 Graecos
616 1482 706 1509 una
739 1467 984 1522 eademque
1016 1481 1128 1510 voce
1161 1469 1321 1523 ἐρίζειν
1354 1467 1635 1509 notabantur.
1700 1467 1811 1509 Item

116 1537 233 1581 enim
267 1538 501 1593 Lycurgus
531 1539 706 1580 θεοῖσιν
739 1539 1075 1593 ἐπουρανίοισιν
1097 1538 1242 1594 ἔριζεν
1267 1538 1315 1591 (Ζ
1345 1540 1456 1591 131),
1490 1551 1591 1579 cum
1623 1537 1704 1579 illis
1727 1537 1810 1579 liti-

114 1608 251 1663 gavit,
277 1608 352 1664 qui
369 1608 514 1651 Liberi
539 1608 676 1663 patris
693 1607 890 1650 nutrices
913 1607 1218 1663 percussisset,
1243 1607 1348 1650 item
1368 1608 1422 1649 ab
1441 1608 1595 1650 eodem
1616 1608 1807 1650 Homero
1830 1605 1837 1612 “

116 1679 261 1735 puella
284 1678 566 1734 praedicatur
588 1678 775 1721 Veneris
798 1678 1173 1734 pulchritudinem
1200 1678 1410 1721 aemulari
1437 1679 1471 1732 (I
1491 1681 1608 1733 389),
1631 1681 1810 1735 χρυσείῃ

115 1751 346 1807 Ἀφροδίτῃ
369 1750 532 1802 κάλλος
554 1751 731 1806 ἐρίζειν,
756 1749 828 1792 vel
851 1748 983 1791 etiam
1001 1749 1217 1792 Hercules
1245 1751 1289 1792 et
1305 1750 1502 1804 Eurytus
1526 1763 1577 1792 ea
1600 1749 1655 1792 de
1678 1764 1811 1792 causa

114 1821 364 1872 laudantur,
406 1821 524 1876 quod
558 1821 608 1874 (θ
641 1822 742 1872 225)
787 1822 860 1862 καὶ
905 1821 1199 1863 ἀθανάτοισιν
1242 1821 1473 1876 ἐρίζεσκον
1511 1823 1615 1876 περὶ
1653 1821 1811 1873 τόξων.

117 1891 248 1933 Plura
286 1891 490 1946 exempla
527 1893 704 1947 praesto
744 1892 859 1932 sunt.
895 1916 948 1920 ——
981 1891 1102 1932 Deos
1133 1893 1341 1947 μα’καρας
1374 1890 1564 1933 dixerat:
1615 1890 1814 1946 sequitur

122 1961 224 2018 „qui
247 1961 309 2004 ita
331 1962 476 2004 audax
500 1961 555 2003 sit
586 1964 636 2003 ut
669 1975 768 2003 cum
802 1961 943 2003 beatis
976 1965 1161 2016 pugnet,
1194 1960 1278 2003 iste
1311 1960 1442 2003 etiam
1477 1976 1578 2003 cum
1609 1961 1814 2017 Apolline

119 2046 321 2088 pugnare
354 2031 506 2088 possit,
542 2046 641 2074 cum
674 2031 879 2087 Apolline
917 2046 1119 2087 pugnare
1156 2045 1249 2073 non
1288 2031 1549 2073 dubitabit“.
1615 2032 1814 2087 Optativi

118 2102 208 2146 vim
251 2102 539 2158 potentialem
572 2102 756 2158 agnovit
788 2103 1016 2145 Vahlenus
1050 2104 1108 2158 (p.
1133 2104 1344 2157 800s801)
1379 2102 1681 2158 stabilivitque
1714 2117 1813 2145 cum

118 2173 213 2215 aliis
236 2172 378 2215 allatis
400 2176 495 2215 tum
523 2172 799 2229 potissimum
823 2173 907 2215 hoc
930 2172 1061 2216 Ovidi
1082 2173 1178 2215 loco
1204 2177 1304 2223 (am.
1328 2173 1389 2214 ΙΙΙ
1413 2176 1452 2225 9,
1475 2175 1526 2214 41
1556 2178 1670 2229 sqq.)
1696 2187 1812 2215 com·

117 2246 290 2299 parato:
333 2245 493 2295 Tene,
538 2257 690 2286 sacer
716 2246 891 2295 vates,
933 2242 1177 2286 flammae
1203 2257 1426 2299 rapuere
1452 2244 1678 2298 rogales,
1727 2257 1814 2299 pe-

118 2313 354 2356 ctoribus
387 2314 535 2369 pasci
566 2328 663 2357 nec
695 2314 925 2356 timuere
959 2313 1092 2355 tuis‘?
1154 2314 1327 2356 Aurea
1375 2317 1677 2356 sanctorum
1725 2328 1814 2369 po-

116 2384 351 2427 tuissent
384 2385 579 2440 templa
611 2385 823 2427 deorum
855 2398 1025 2436 urere,
1081 2398 1214 2440 quae
1256 2387 1462 2426 tantum
1511 2384 1814 2427 sustinuere

117 2455 281 2498 nefas.
345 2455 457 2497 Item
490 2455 711 2511 persimile
744 2457 811 2498 est
842 2454 961 2507 illud,
1005 2455 1124 2510 quod
1156 2454 1269 2497 iderr.
1310 2455 1474 2507 laudat,
1514 2469 1649 2497 amor.
1673 2455 1692 2496 I
1715 2457 1812 2507 7‚4‚

119 2526 237 2568 Flet
268 2539 381 2568 mea
413 2539 648 2569 vaesana
679 2526 823 2568 laesa
855 2525 1033 2581 puella
1066 2539 1238 2578 manu3
1272 2528 1400 2567 tunc
1433 2539 1525 2581 ego
1553 2526 1639 2569 vel
1666 2539 1814 2567 caros

118 2595 265 2652 potui
299 2596 504 2639 violare
538 2599 814 2651 parentes,
839 2610 998 2638 saeva
1020 2595 1102 2638 vel
1125 2595 1174 2637 in
1199 2599 1411 2638 sanctos
1434 2597 1655 2639 verbera
1675 2596 1814 2639 ferre

119 2667 255 2709 deos.
285 2693 339 2696 —
373 2666 442 2708 Ab
473 2666 679 2722 Apolline
711 2680 790 2722 per
820 2665 1108 2708 beatitudinis
1140 2665 1368 2709 notionem
1401 2668 1457 2709 ad
1488 2681 1640 2722 regem
1672 2669 1813 2708 trans-

118 2737 336 2791 greditur,
370 2736 470 2780 voci
503 2737 619 2780 enim
645 2739 809 2793 μάκαρ,
844 2751 957 2792 quae
990 2736 1311 2779 beatitudinem
1345 2737 1580 2792 significat,
1609 2750 1814 2793 quaeque

120 2807 380 2863 plerumque
413 2808 467 2849 ad
493 2807 764 2850 immortales
797 2807 999 2858 refertur,
1033 2807 1170 2849 multo
1206 2807 1304 2862 plus
1336 2807 1482 2849 tribuo
1517 2821 1649 2863 quam
1673 2820 1814 2862 usque

121 2878 266 2919 adhuc
296 2877 563 2933 interpretes
595 2877 814 2923 fecerunt.
878 2878 928 2919 ln
963 2891 1014 2919 eo
1047 2877 1229 2919 deorum
1264 2892 1342 2920 rex
1376 2877 1527 2919 similis
1561 2880 1640 2929 est,
1681 2877 1812 2933 quod,

240 2971 264 3016 ¹)
291 2972 390 3006 Haec
422 2973 595 3006 adversus
627 2972 830 3007 Vahlenum
865 2972 910 3016 (p.
939 2971 1006 3005 799
1034 2970 1124 3016 sqq.)
1160 2974 1196 3005 et
1230 2971 1429 3006 Maltenum
1457 2971 1502 3015 (p.
1531 2971 1589 3015 44)
1617 2971 1813 3014 disputavi,

121 3031 182 3072 qui
207 3031 420 3064 existimant,
448 3031 707 3065 Callimachum
734 3041 814 3065 cum
840 3031 970 3073 populo
996 3040 1114 3073 agere.
