2180 3482
859 222 912 257 De
938 233 995 257 vv.
1014 223 1153 257 31—38
1798 226 1848 266 19

163 328 320 371 Medea
346 327 614 371 vaticinatur
638 327 887 382 Apollinem
910 329 1177 384 πολυχρύσῳ
1201 329 1249 371 ἐν
1273 329 1441 382 ὁώματι
1464 330 1641 371 Battum
1666 330 1850 372 Πύθιον

162 402 275 442 ναὸν
307 397 554 453 ingressum
579 397 847 440 moniturum
880 400 929 440 ut
961 399 1016 440 ad
1040 397 1238 453 Cyrenas
1266 399 1519 441 condendas
1546 399 1745 454 naviget;
1778 399 1850 442 hic

163 468 310 511 statim
344 468 596 523 adiungitur
628 471 701 510 καὶ
734 469 781 511 ὂὲ
812 470 1127 522 πολυκτέανος·
1162 470 1359 512 Πυθῶνι
1392 486 1439 524 γε
1472 473 1723 526 τεκμήραιο.

281 539 335 583 33
373 539 565 581 Λύκτιον
598 553 750 581 arcum
782 542 927 591 vocat,
962 553 1062 581 cum
1095 539 1354 595 plerumque
1386 540 1491 582 talia
1522 555 1642 582 arma
1675 540 1850 583 Cretica

163 609 378 661 dicantur,
431 610 508 652 sed
551 623 575 651 e
614 610 754 664 Lycto
796 609 890 652 sive
932 610 1108 664 Lytt01)
1156 610 1317 651 multos
1363 610 1544 664 τοξόιας
1592 625 1848 653 mercenna-

163 681 249 723 rios
291 680 506 734 originem
547 680 739 732 duxisse,
778 680 1033 723 testimonia
1064 684 1168 722 sunt
1201 680 1360 736 quibus
1401 681 1725 736 comprobetur.
1790 683 1850 725 Ut

162 751 276 794 idem
311 750 605 793 Callimachus
638 750 830 793 Menitae
862 752 916 806 L)
933 751 1018 793 ctio
1063 751 1334 807 epigramma
1366 754 1420 793 37
1464 752 1724 807 composuit,
1775 753 1849 808 qui

163 836 283 863 arma
316 821 517 876 Sarapidi
549 821 792 877 suspendit,
826 821 1067 864 Pausanias
1102 822 1178 873 (IV
1208 824 1270 874 19,
1294 824 1337 876 4)
1372 825 1519 864 narrat
1554 823 1848 865 Lacedaemo-

163 892 258 935 nios
298 892 411 934 bello
450 891 668 934 messenio
703 892 838 935 altero
880 893 1064 946 τοξότας
1096 895 1145 935 ἔκ
1177 909 1224 935 τε
1254 894 1431 936 Λύκτου
1463 895 1535 936 καὶ
1571 895 1736 950 ἑτέρων
1768 897 1847 937 πό-

162 965 280 1006 λεων
314 962 608 1014 arcessivisse,
642 962 844 1017 Lyctiam
871 962 982 1004 dixit
1004 964 1256 1019 pharetram
1280 964 1497 1006 Leonidas
1520 963 1849 1007 Alexandrinus

162 1034 236 1076 ΑΡ
262 1034 323 1076 VI
345 1035 430 1076 326
455 1033 648 1076 Λύκτιον
681 1034 863 1090 ἰοδόκην
896 1036 969 1076 καὶ
1001 1035 1253 1088 καμπύλον,
1286 1038 1484 1091 ”Αρτεμι,
1519 1037 1651 1089 τόξον
1673 1036 1805 1088 Νῐκις
1828 1039 1850 1078 ὁ

162 1104 426 1159 Λυσιμάχου
459 1111 567 1157 παῖς
600 1106 797 1160 ἀνέθηκε
828 1104 981 1161 Λίβυς,
1016 1104 1099 1146 nisi
1131 1104 1245 1148 forte
1277 1108 1419 1147 totum
1453 1120 1631 1148 carmen
1665 1120 1688 1148 e
1721 1106 1849 1148 Calli-

162 1174 309 1216 machi
332 1173 649 1230 epigrammate
673 1188 933 1230 expressum
957 1177 1042 1228 est3
1068 1176 1251 1218 Paulum
1272 1176 1570 1219 Silentiarium
1592 1180 1640 1220 τὸ
1658 1178 1851 1220 Λύκτιον

163 1247 307 1287 ὅπλον
341 1244 608 1287 scribentem
642 1244 733 1298 (ΑΡ
757 1245 817 1287 VI
843 1248 911 1297 75,
937 1248 978 1297 7)
1012 1260 1070 1288 110
1102 1260 1306 1288 curamus
1341 1247 1531 1303 quidem.

280 1315 491 1372 Sequitur
523 1315 793 1371 sempiterna
826 1318 870 1358 et
901 1316 1227 1372 pulchritudine
1261 1320 1305 1360 et
1336 1317 1570 1361 iuventute
1601 1319 1850 1374 Apollinem

162 1385 265 1437 frui3
300 1400 529 1442 nunquam
564 1386 656 1428 eius
688 1400 827 1441 genas
860 1401 1003 1442 paene
1035 1387 1270 1430 muliebres
1304 1388 1442 1444 prima
1464 1389 1675 1444 lanugine
1698 1390 1849 1432 obum-

161 1456 297 1509 brari3
339 1471 487 1498 comas
519 1460 751 1511 unguenta
782 1458 918 1499 odora
949 1458 1125 1510 stillare,
1169 1473 1283 1514 quae
1314 1462 1464 1502 tamen
1496 1475 1586 1502 non
1620 1463 1852 1515 unguenta

163 1526 250 1569 sint
273 1541 428 1570 verum
456 1541 672 1583 panacea3
708 1542 822 1583 quae
851 1543 1132 1585 quocumque
1154 1529 1198 1571 in
1222 1533 1382 1572 terram
1417 1531 1669 1583 ceciderint,
1704 1531 1749 1573 in
1780 1531 1852 1573 illa

161 1598 270 1640 urbe
310 1597 457 1640 omnia
498 1612 606 1640 sana
638 1601 682 1641 et
713 1597 951 1641 incolumia
982 1599 1089 1642 fore.
1139 1626 1192 1630 ——
1242 1600 1295 1645 36
1332 1602 1493 1656 Φοῖβος
1526 1602 1737 1645 adversus
1770 1602 1850 1644 cri·-

162 1668 348 1710 ticorum
394 1668 570 1710 fastidia
614 1670 762 1725 Φοίβῳ
802 1669 979 1711 arbitrio
1013 1670 1376 1713 substituentium
1410 1673 1636 1715 Vahlenus
1680 1675 1846 1728 (opusc.

162 1739 304 1793 1442)
329 1738 540 1791 defendit,
576 1753 675 1781 cum
698 1740 878 1782 doceret
902 1740 1220 1783 Callimachum
1247 1756 1346 1784 cum
1380 1742 1481 1785 alibi
1513 1746 1606 1785 tum
1638 1744 1722 1786 hoc
1753 1744 1849 1786 loco

161 1809 307 1865 potius
342 1809 545 1852 varietati
578 1824 710 1865 quam
743 1810 1046 1866 aequabilitati
1079 1812 1372 1866 consuluisse;
1409 1827 1508 1855 011111
1542 1814 1658 1856 enim
1683 1818 1850 1871 χρύσεα

161 1882 428 1923 τώπόλλωνι
473 1882 522 1923 τὸ
567 1883 604 1923 τ’
638 1881 825 1924 ἑνὸυτὸν
867 1885 895 1937 ἤ
933 1884 970 1924 τ’
1009 1884 1252 1940 ἐπιπορπίς
1292 1899 1333 1926 v.
1365 1886 1419 1926 32
1468 1884 1708 1940 scripsisse,
1756 1887 1850 1927 tum

163 1966 202 1993 v.
228 1953 283 1992 39
318 1954 369 1993 ού
400 1952 532 2004 λίπος
566 1950 855 2005 ’Λπόλλωνος
893 1954 1225 2006 ἀποστάζουσιν
1266 1955 1453 2011 ἔθειραι,
1496 1969 1595 1997 011111
1629 1955 1666 1998 ei
1700 1956 1852 1999 liceret

162 2020 396 2077 utrobique
428 2020 522 2064 sive
554 2022 748 2064 secundo
783 2022 877 2065 sive
908 2023 1038 2066 tertio
1073 2038 1178 2066 casu
1211 2024 1286 2066 uti.
1349 2025 1461 2068 Item
1500 2025 1708 2068 articulus
1748 2029 1851 2069 ante

163 2091 233 2133 dei
266 2105 430 2134 nomen
462 2106 583 2134 nunc
616 2092 794 2148 ponitur
825 2107 946 2135 1111110
977 2093 1205 2136 omittitur.
1268 2096 1380 2138 Item
1412 2095 1518 2138 illud
1559 2101 1605 2139 αἱ
1638 2099 1686 2140 δὲ
1717 2101 1850 2150 κόμαι

161 2163 360 2205 θυόεντα
392 2163 516 2218 πέδῳ
548 2164 773 2218 λείβουσιν
806 2165 934 2206 ἔλαια
972 2163 1044 2206 illo
1088 2169 1138 2207 οὐ
1171 2167 1302 2218 λίπος
1335 2167 1626 2221 ’Λπόλλωνος
1659 2170 1850 2211 ἀποστά-

163 2233 313 2285 ζουσιν
340 2234 513 2289 ἔθειραι
537 2233 774 2289 excipitur:
810 2233 915 2290 quid
947 2249 1052 2277 vero
1087 2235 1203 2277 aliud
1236 2239 1340 2277 sunt
1372 2238 1545 2294 ἔθειραι
1572 2238 1653 2279 nisi
1688 2239 1849 2293 κόμαιὶ)

165 2303 283 2358 quod
323 2302 559 2346 discrimen
598 2303 714 2347 inter
754 2307 1086 2358 ἀποστάζουσιν
1132 2309 1175 2348 et
1215 2308 1442 2363 λείβουσιν
1486 2308 1747 2351 intercedit?
1798 2336 1847 2339 ——

162 2374 214 2417 37
252 2375 344 2417 οὐδ’
372 2378 477 2418 ὅσον
524 2376 673 2417 multis
719 2376 826 2418 locis
871 2377 1040 2419 collatis
1085 2381 1129 2420 et
1171 2378 1489 2435 interpretatus
1538 2382 1640 2432 („ne
1686 2381 1849 2436 lanugo

163 2443 387 2500 quidem“)
442 2448 486 2488 et
536 2449 707 2488 tutatus
761 2450 828 2490 est
875 2448 1119 2490 Schneider
1131 2447 1175 2503 2)‚
1229 2464 1365 2491 unum
1419 2465 1549 2506 porro
1598 2452 1849 2507 exemplum

162 2514 323 2557 adiecit
361 2516 588 2558 Vahlenus
631 2518 882 2572 (0p.1442‚
926 2519 1025 2560 adn.
1049 2521 1121 2571 42)
1166 2533 1221 2562 ex
1261 2521 1417 2562 eodem
1450 2521 1718 2564 Callimacho
1764 2527 1847 2578 (ep.

161 2585 306 2628 XLVI
329 2588 385 2640 9).
413 2612 463 2617 —
491 2587 544 2630 38
568 2589 695 2630 ἔλαια
718 2591 949 2643 unguenta
971 2589 1195 2644 significat
1221 2591 1292 2633 vel
1324 2595 1653 2646 unguentorum
1685 2607 1850 2647 genera

162 2655 305 2708 varia,
341 2671 455 2712 quae
487 2657 697 2713 loquendi
730 2660 1004 2701 consuetudo
1037 2659 1216 2703 minime
1247 2676 1345 2704 rara
1377 2665 1456 2714 est,
1491 2663 1848 2719 quandoquidem

162 2727 493 2783 Theophrastus
527 2728 700 2784 (fiagm.
735 2729 790 2772 de
822 2730 1030 2772 odoribus
1064 2732 1135 2785 20)
1178 2732 1305 2774 ἔλαια
1346 2747 1530 2775 numero
1571 2733 1728 2788 plurali
1766 2734 1850 2776 hoc

281 2844 306 2890 ¹)
332 2845 475 2888 Λύκιος
493 2847 530 2880 in
547 2848 702 2881 nummis
721 2848 985 2889 antiquissimis
1006 2848 1221 2892 appellatur,
1248 2853 1375 2892 postea
1393 2851 1487 2884 cives
1506 2849 1647 2884 Λύττον
1665 2850 1849 2885 dixerunt:

163 2902 223 2937 cfr.
242 2903 346 2938 Blass
372 2903 457 2938 GDI
482 2905 536 2939 III
562 2906 593 2948 2,
621 2916 653 2948 p.
672 2906 757 2948 3473
785 2906 896 2950 Head,
923 2906 1007 2941 hist.
1028 2907 1177 2941 numm.²
1202 2909 1280 2942 471.

280 2961 307 3006 ²)
333 2963 546 3005 Apollonius
572 2964 712 2998 111519
745 2965 835 2999 οὐδέ
859 2978 928 3010 περ
954 2967 1068 2999 ὅσσον
1094 2967 1382 3009 ἐπανθιόωντας
1408 2967 1565 3009 ἰούλους
1592 2968 1850 3003 Callimachum

163 3020 360 3062 exprimere
384 3021 538 3055 videtur.

1597 3086 1638 3119 2*
