2180 3482
750 225 803 259 De
829 236 884 259 vv.
907 226 1045 260 69—70
1752 228 1808 266 43

122 331 226 373 talia
276 331 493 374 mensium
546 330 723 373 nomina
781 330 926 386 qualia
984 333 1088 372 sunt
1144 332 1448 386 Βοηὸρομιών,
1512 333 1806 388 Βοηδρόμιος,

122 404 384 458 Βατρόμιος,
434 402 740 444 demonstrant
771 403 963 444 aetatem
996 400 1145 452 fuisse,
1196 415 1294 442 cum
1328 402 1438 444 haec
1478 401 1629 457 religio
1671 402 1808 444 multo

120 472 251 514 latius
298 474 471 528 pateret
487 472 527 523 ¹).
590 472 789 514 Mensem
837 471 1020 513 atticum
1066 471 1392 528 Βοηὸρομιῶνα
1439 486 1568 515 nemo
1604 476 1670 515 est
1703 472 1808 528 quin

122 543 251 595 norit,
293 543 371 586 sed
410 542 572 585 mensis
606 542 801 585 eiusdem
834 541 1024 584 nominis
1057 541 1141 584 fuit
1174 542 1327 584 Olbiae
1360 542 1405 583 in
1439 543 1611 585 colonia
1642 542 1810 585 Milesia

122 614 298 656 saeculo
340 613 502 657 II—III
546 628 586 669 p.
617 613 717 656 Chr.
746 628 787 656 n.
827 613 979 663 (Inscr.
1005 612 1135 655 Ponti
1166 612 1329 654 Euxini
1362 614 1379 654 Ι
1408 615 1461 654 22
1495 613 1588 655 Lat.
1625 634 1677 648 Ξ
1712 614 1809 656 (le

123 686 250 737 2059,
279 687 341 736 6);
375 683 458 725 fuit
490 683 595 726 item
629 684 746 739 apud
779 683 1057 735 Prienenses,
1092 698 1278 739 quorum
1311 683 1426 725 tituli
1460 684 1585 739 plura
1616 683 1808 726 testimo-

122 755 195 797 nia
236 754 452 811 praebent
494 769 626 810 quam
665 756 713 796 ut
752 755 836 796 hoc
877 754 972 796 loco
1007 756 1185 797 enotem
1219 754 1413 809 (collegit
1444 754 1581 797 Hiller
1613 754 1668 796 de
1701 754 1807 796 Gar-

122 825 299 880 tringen
347 825 402 867 ad
451 825 616 867 calcem
665 824 936 867 collectionis
985 839 1091 868 suae
1137 840 1177 881 p.
1203 827 1325 879 256),
1374 825 1492 880 apud
1539 824 1690 867 Parios
1732 824 1809 878 (IG

120 896 207 938 XII
230 898 269 948 5,
306 898 406 948 471,
444 899 518 950 30)
532 895 581 949 2);
621 896 739 951 apud
775 895 1023 938 Perinthios
1062 895 1150 950 (lib.
1188 895 1327 938 Gloss.
1365 896 1403 938 V
1432 898 1525 947 172,
1571 898 1619 937 17
1656 895 1808 949 Gom),

121 967 239 1023 apud
270 966 536 1022 Amorginos
559 967 638 1022 (IG
660 967 747 1009 XII
774 969 812 1019 7,
837 969 906 1018 60,
936 969 988 1018 1),
1022 966 1106 1008 0151
1139 967 1257 1023 quod
1286 966 1692 1023 [Βοη]ὁρομιῶνο[ς]
1727 967 1811 1008 1100

121 1038 217 1081 1000
251 1038 560 1094 supplemento
595 1037 858 1080 continetur.
895 1037 983 1080 Sed
1005 1040 1180 1080 constat
1212 1037 1257 1079 in
1280 1037 1400 1079 nulla
1423 1036 1602 1081 civitate
1616 1036 1644 1089 3)
1669 1036 1812 1079 ionica

122 1108 250 1151 aliam
287 1108 471 1151 formam
520 1107 707 1151 inveniri
755 1107 838 1150 nisi
875 1108 1108 1164 Lampsaci
1150 1108 1194 1150 in
1237 1108 1587 1151 Phocaeensium
1624 1107 1809 1159 colonia,

120 1179 196 1222 ubi
218 1179 287 1222 ille
320 1179 483 1222 mensis
505 1181 780 1235 Βαὸρομιών
812 1179 1061 1235 appellatus
1094 1182 1161 1222 est
1195 1179 1313 1234 (CIG
1335 1179 1571 1233 3641b8),
1605 1181 1654 1221 ut
1687 1178 1810 1220 dubi-

119 1250 200 1293 tari
234 1264 325 1293 non
348 1249 487 1306 possit
510 1249 615 1306 quin
638 1249 740 1292 illud
772 1250 1131 1306 supplementum
1154 1251 1395 1306 prudenter
1418 1250 1719 1305 excogitatum
1742 1249 1809 1291 sit.

119 1322 262 1364 Dores
285 1323 440 1364 contra
460 1321 581 1363 illum
604 1335 803 1364 mensem
826 1320 920 1364 sive
943 1322 1206 1378 Βαὸρόμιον
1228 1321 1526 1377 appellabant,
1550 1324 1599 1363 ut
1617 1320 1811 1363 Rhodios

121 1392 280 1436 fecisse
301 1391 454 1435 titulus
477 1394 764 1435 monumento
787 1392 975 1435 Eudemi
999 1392 1277 1435 Seleucensis
1304 1391 1541 1448 inscriptus
1566 1392 1809 1443 (Wilhelm-

121 1463 374 1518 Heberdey,
408 1462 572 1506 Reisen
604 1463 648 1505 in
681 1462 874 1506 Kilikien
909 1463 1108 1520 [Wiener
1133 1463 1482 1506 Denkschriften
1513 1463 1658 1506 XLIV
1686 1463 1808 1518 1896]

123 1549 164 1591 p.
193 1536 305 1586 109),
340 1536 571 1577 sescentae
603 1535 844 1590 amphorae
875 1534 1154 1587 testantur⁴),
1189 1533 1370 1577 Cnidios
1402 1533 1628 1590 inscriptio
1654 1532 1812 1577 Cnidia

123 1606 345 1660 (Newton,
379 1605 664 1648 Halicarnass
695 1605 846 1648 11758
879 1620 919 1661 p.
943 1607 1014 1658 44,
1047 1621 1112 1648 nr.
1137 1609 1164 1648 3
1195 1606 1354 1662 μη[νός
1387 1606 1682 1663 Βα]ὁρομίω);
1717 1604 1843 1648 sive*

121 1679 393 1733 Βατρόμιον,
441 1679 490 1718 111
539 1675 759 1731 Calymnii
807 1676 931 1732 (Syll.
956 1679 1054 1729 512,
1079 1679 1165 1731 26).
1231 1676 1311 1720 Coi
1357 1679 1506 1719 autem
1553 1676 1673 1718 illurn
1717 1678 1811 1718 tum

120 1749 383 1805 Βαὸρόμιον
416 1749 502 1801 (29,
532 1750 583 1790 18
605 1748 732 1802 Pat.),
766 1750 859 1790 tum
891 1749 1152 1805 Βατρόμιον
1185 1747 1394 1790 dixerunt
1427 1747 1550 1803 (Syll.
1571 1748 1655 1789 598
1680 1768 1732 1782 Σ
1756 1749 1811 1789 27

123 1820 231 1871 Pat.‚
268 1820 304 1861 1.
335 1821 374 1861 8.
411 1820 480 1872 12,
528 1818 634 1874 Syll.
663 1821 747 1860 617
772 1839 824 1854 =
849 1821 905 1861 39
928 1819 1036 1871 Pat.‚
1071 1821 1154 1875 12).
1218 1818 1418 1875 Apparet
1462 1818 1578 1860 illam
1624 1817 1811 1860 formam

125 1891 477 1946 Lampsacenam
526 1903 639 1945 quae
688 1892 755 1932 est
804 1891 1078 1947 Βαὸρομιών
1120 1903 1175 1932 ex
1219 1890 1375 1932 Ionum
1424 1891 1719 1946 Βοηδρομιὼν
1768 1891 1813 1932 01

120 2032 268 2074 solvam,
305 2034 458 2076 apparet
491 2031 548 2066 vel
576 2031 714 2066 nullum
746 2034 884 2066 certum
910 2031 1015 2066 deum
1047 2031 1103 2066 vel
1130 2031 1234 2066 deum
1260 2031 1482 2076 singularem
1508 2031 1750 2077 Βοηδρόμιον
1776 2033 1813 2065 10

119 2091 182 2126 1110
216 2091 308 2126 festo
352 2091 561 2125 invocatum
602 2101 693 2125 esse:
734 2101 805 2133 qua
843 2090 884 2125 de
923 2101 1034 2125 causa
1068 2091 1319 2135 grammaticis
1354 2101 1442 2134 opus
1474 2091 1585 2125 fuisse
1629 2100 1811 2133 quaerere,

120 2151 222 2185 cuius
247 2152 284 2184 in
310 2149 479 2184 honorem
504 2151 717 2184 institutum
743 2153 849 2184 esset.
901 2149 1056 2184 Constat
1081 2151 1175 2184 enim
1201 2151 1274 2184 iam
1298 2151 1395 2184 inter
1421 2160 1551 2191 omnes,
1587 2150 1680 2184 ritus
1706 2159 1813 2192 saepe

121 2212 231 2244 antea
248 2210 439 2243 institutos
460 2219 568 2251 quam
586 2212 686 2243 certa
704 2209 850 2244 deorum
867 2210 1014 2243 nomina
1037 2209 1263 2253 excogitata:
1292 2209 1354 2244 cfr.
1374 2219 1466 2251 quae
1493 2209 1616 2244 docuit
1632 2209 1811 2251 Deubner‚

120 2269 162 2304 N.
181 2267 303 2303 Jahrb.
326 2268 425 2311 1911,
446 2268 526 2302 330.

240 2327 266 2372 ¹)
292 2326 550 2362 Kubitschekii
584 2327 800 2362 laterculum
837 2327 940 2372 (PW.
966 2327 1021 2362 III
1041 2327 1123 2372 595)
1156 2329 1242 2371 ipse,
1279 2331 1321 2362 ut
1352 2327 1458 2371 soleo,
1494 2338 1512 2362 e
1544 2326 1666 2362 titulis
1700 2336 1813 2369 nuper

122 2387 284 2432 repertis,
311 2386 373 2428 qui
398 2386 542 2428 quidem
567 2385 655 2420 mihi
680 2389 825 2430 praesto
853 2390 983 2431 essent,
1011 2386 1177 2430 supplere
1203 2386 1335 2421 studui.

240 2445 268 2490 2)
294 2445 388 2479 Paro
415 2446 510 2479 enim
535 2445 698 2480 Oliarum
722 2445 880 2489 lapidem
905 2446 1007 2480 illum
1033 2446 1264 2489 deportatum
1290 2456 1366 2480 esse
1390 2445 1506 2479 Hiller
1530 2445 1573 2480 de
1591 2445 1812 2489 Gartringen

121 2507 218 2539 recte
243 2505 419 2539 statuisse
444 2504 597 2539 videtur.

241 2564 267 2607 3)
295 2562 476 2598 Confiteor
509 2565 655 2598 nomina
690 2563 898 2608 theophora,
934 2563 1064 2607 quibus
1096 2567 1219 2598 tamen
1254 2565 1372 2598 minus
1406 2563 1537 2607 tribuo,
1573 2574 1643 2598 non
1670 2565 1812 2598 omnino

122 2623 308 2656 concinere
318 2634 324 2664 ;
358 2633 375 2656 e
402 2625 575 2664 quattuor
608 2624 701 2656 enim
727 2624 882 2658 nominis
908 2623 1124 2668 Βαὸρόμιος
1151 2623 1334 2666 exemplis,
1362 2634 1453 2665 quae
1480 2623 1594 2667 Sittig
1619 2622 1676 2667 (de
1702 2623 1812 2656 nomi-

122 2682 227 2716 nibus
252 2681 459 2724 theophoris
485 2682 543 2725 56)
571 2682 728 2726 collegit,
755 2683 828 2717 tria
854 2682 1011 2725 Ephesia
1037 2686 1131 2726 sunt,
1158 2693 1269 2716 unum
1295 2681 1540 2725 Smyrnaeum.

239 2740 266 2785 4)
294 2740 519 2775 Testimonia
555 2751 598 2775 ex
634 2741 815 2784 amphoris
850 2752 944 2775 nunc
979 2744 1015 2775 et
1047 2741 1194 2785 collegit
1229 2744 1265 2775 et
1298 2742 1517 2785 disceptavit
1550 2743 1584 2774 in
1612 2741 1704 2774 actis
1731 2750 1812 2773 aca-

124 2799 261 2833 demiae
298 2799 459 2834 Danieae
504 2811 534 2834 a.
569 2800 658 2835 1909
697 2800 859 2843 Nilss0n;
907 2800 967 2834 cfr.
1004 2811 1061 2843 pp.
1092 2801 1167 2834 127.
1198 2800 1274 2842 131,
1314 2801 1402 2834 item
1436 2799 1565 2833 Hilleri
1599 2800 1812 2833 testimonia

123 2857 173 2892 IG
199 2858 269 2892 XII
290 2858 318 2901 1,
356 2869 387 2901 p.
414 2859 492 2893 237.
552 2859 795 2903 Theognidem
833 2859 1011 2893 Rhodium
1050 2858 1160 2903 (apud
1195 2859 1325 2893 Athen.
1354 2859 1443 2895 VIII
1471 2858 1617 2902 368110)
1655 2868 1811 2892 mensem

124 2916 399 2961 Βοηδρομιῶνα
437 2917 586 2952 Rhodiis
630 2918 871 2952 inculcantem
914 2918 1003 2951 nihil
1048 2929 1245 2961 moramur3
1289 2929 1367 2952 cum
1406 2920 1500 2952 enim
1537 2917 1812 2963 χελιδονισμόν

124 2974 241 3008 Rhodi
266 2985 386 3009 mense
412 2975 669 3011 Boedromione
695 2976 771 3011 fieri
798 2978 975 3010 communi
1002 2976 1128 3021 lingua
1153 2980 1287 3017 narret,
1324 2980 1604 3011 consentaneum
1630 2979 1686 3011 est
1710 2976 1812 3011 illum

125 3034 256 3068 mensis
282 3035 423 3068 nomine
450 3035 709 3078 ionico-attico,
737 3046 806 3070 non
834 3035 952 3070 dorico
978 3036 1043 3069 uti.
