2180 3482
346 260 426 299 120
975 254 1029 288 De
1054 254 1187 288 fabulis
1213 254 1399 297 cyrenaeis

340 363 540 405 fuissent.
579 361 638 402 At
665 359 996 415 antiquissimus
1021 359 1096 416 qui
1118 362 1322 403 servatur
1343 358 1483 411 testis,
1506 359 1753 402 Antiochus
1775 360 1864 414 (ap.
1890 359 2034 402 Strab.

342 435 403 476 VI
426 436 620 488 278511),
668 433 819 472 narrat
851 431 1094 472 Tarentum
1127 445 1152 472 a
1183 429 1430 472 Partheniis
1471 429 1697 472 conditum
1731 442 1841 481 esse,
1887 429 1931 471 id
1970 432 2038 472 est

343 519 367 546 a
398 503 499 545 filiis
533 516 643 558 (1005
670 501 784 543 116Πο
812 500 1032 543 Messenio
1066 500 1206 556 primo
1240 500 1344 543 viris
1378 500 1636 542 absentibus
1664 500 2036 542 Lacedaemonio-

342 589 438 616 rum
482 586 644 614 uxores
682 586 773 613 non
814 571 955 612 solum
996 571 1288 627 peperissent,
1340 585 1496 613 verum
1532 570 1619 612 iam
1668 569 1978 626 concepissent
1995 570 2035 626 ¹).

344 644 469 696 Quae
502 644 556 685 de
595 641 788 693 civitate,
832 642 886 683 de
929 642 1052 683 cuius
1092 641 1262 696 origine
1300 641 1501 683 laconica
1534 644 1770 693 constaret,
1817 642 2037 696 quomodo

343 713 513 756 narrari
537 712 810 769 potuerunt?
843 711 1091 754 Antiochus
1119 711 1251 754 etiam
1275 715 1425 753 narrat
1448 714 1552 753 ante
1574 711 1835 754 Parthenios
1859 711 2039 754 Tarenti

343 785 554 827 barbaros
573 786 613 826 61
629 783 868 826 Cretenses
885 782 1123 833 habitasse,
1144 781 1220 837 qui
1236 795 1334 823 cum
1356 781 1505 823 Minoe
1521 781 1567 822 in
1586 781 1777 823 Siciliam
1795 780 2037 824 venissent.

346 855 582 897 Cretenses
596 853 641 895 in
652 853 823 896 Italiam
838 853 1053 908 migrasse
1069 866 1338 909 quamquam
1356 866 1447 894 non
1465 851 1697 903 credimus,
1717 865 1773 894 ex
1789 853 1873 894 hac
1889 854 2039 894 tamen

344 925 494 968 fabula
527 924 773 980 colligimus
800 923 1064 966 Tarentinos
1097 923 1198 966 olim
1233 937 1280 965 se
1312 937 1403 965 non
1436 922 1813 965 Lacedaemonios
1845 923 1917 966 vel
1947 937 2040 964 non

345 996 564 1052 genuinos
587 994 965 1038 Lacedaemonios
989 994 1240 1037 credidisse.
1282 994 1341 1035 At
1364 993 1525 1036 dixerit
1558 992 1777 1049 quispiam
1799 994 2040 1035 Tarentum

346 1066 571 1110 recentius
618 1080 715 1109 esse
757 1080 889 1121 quam
928 1068 975 1107 ut
1017 1065 1137 1107 credi
1175 1064 1313 1120 possit
1353 1065 1408 1106 311
1447 1063 1541 1106 31115
1579 1063 1773 1106 Doribus
1814 1063 2041 1106 conditum

347 1152 464 1180 esse:
505 1136 747 1179 Eusebium
790 1136 907 1179 enim
946 1136 1051 1178 illud
1083 1150 1200 1178 311110
1236 1138 1319 1177 706
1353 1134 1578 1177 conditum
1613 1133 1866 1185 credidisse,
1914 1133 2040 1176 Anti-

347 1209 508 1250 ochum
530 1207 633 1250 116111
654 1207 862 1249 Μ65561111
884 1206 1014 1262 primi
1045 1209 1204 1249 aetate.
1251 1206 1310 1247 At
1343 1205 1441 1261 quis
1475 1205 1665 1261 spondet
1696 1205 1808 1247 haec
1839 1207 2043 1260 tempora

347 1278 509 1321 tradita
547 1292 656 1329 esse,
696 1292 787 1320 non
826 1277 1005 1319 arbitrio
1044 1276 1181 1319 ficta?
1245 1276 1330 1328 Qui
1370 1276 1502 1319 etiam
1532 1278 1736 1331 tempora
1769 1274 2042 1330 singularum

346 1363 506 1400 rerum,
551 1362 664 1404 quae
697 1348 872 1390 saeculo
906 1348 1023 1390 VIII.
1057 1351 1211 1403 gestae
1245 1350 1361 1398 sunt,
1405 1346 1593 1403 posteris
1625 1345 1739 1387 tradi
1772 1345 2041 1401 potuerunt?

348 1419 407 1461 At
431 1419 661 1461 Tarentini
684 1418 870 1461 dialecto
895 1417 1095 1460 laconica
1116 1418 1184 1460 usi
1208 1421 1325 1470 sunt,
1350 1418 1404 1459 ab
1429 1416 1604 1472 ephoris
1626 1416 1911 1471 regebantur,
1936 1415 2041 1459 civi-

348 1493 483 1533 tatem
510 1490 553 1531 in
579 1489 777 1546 quinque
809 1489 967 1545 phylas
1001 1488 1243 1532 diviserant
1277 1489 1512 1544 phylarum
1543 1487 1844 1530 laconicarum
1876 1500 2040 1542 cogno-

348 1561 489 1604 mines
504 1560 548 1615 ²).
614 1561 750 1610 Sane,
806 1561 882 1603 sed
935 1563 1288 1602 consentaneum
1341 1562 1407 1602 est
1454 1559 1597 1601 Dores
1646 1572 1699 1601 63
1745 1560 1905 1609 361316,
1955 1572 2043 1614 qua

349 1631 690 1674 Lacedaemonii
738 1630 942 1673 omnibus
985 1630 1185 1686 potentia
1227 1630 1528 1686 praestabant,
1576 1629 1750 1671 illorum
1792 1628 2045 1684 exemplum

349 1705 527 1745 secutos
568 1716 681 1745 esse:
725 1702 876 1757 lingua
915 1715 1021 1744 vero
1060 1715 1151 1743 non
1191 1700 1418 1743 Tarentini
1458 1699 1670 1752 laconica,
1712 1699 1790 1742 sed
1834 1702 1878 1742 61
1908 1699 2045 1741 Lace-

351 1773 571 1816 daemonii
605 1776 646 1815 et
681 1772 911 1815 Tarentini
944 1772 1093 1815 dorica
1124 1771 1192 1814 usi
1224 1774 1339 1814 511111.

469 1843 686 1886 Effecisse
729 1842 858 1885 1101115
896 1842 1098 1886 videmur
1130 1841 1506 1884 Lacedaemonios
1539 1840 1864 1885 vetustissimos
1902 1840 2046 1882 nullos

351 1915 532 1957 colonos
575 1917 698 1956 trans
742 1927 863 1956 mare
904 1913 1093 1955 misisse:
1140 1926 1290 1955 nonne
1336 1915 1689 1955 consentaneum
1733 1914 1800 1954 est
1837 1911 1932 1953 illos
1972 1910 2046 1966 qui

351 1984 595 2027 diutissime
619 1999 719 2026 cum
742 1984 972 2026 Messeniis
999 1985 1054 2026 de
1077 1983 1373 2039 Peloponnesi
1406 1985 1533 2039 parte
1564 1981 1840 2025 meridionali
1873 1995 2045 2037 pugna-

350 2058 463 2107 rent,
510 2054 663 2101 subole
703 2069 781 2096 sua
813 2054 858 2096 in
891 2054 1079 2110 propriis
1120 2054 1245 2097 bellis
1286 2068 1390 2096 usos
1430 2067 1539 2105 6556,
1580 2067 1670 2095 11011
1710 2052 1827 2094 1113111
1858 2065 2047 2108 peregre

350 2125 549 2168 misisse?
589 2125 647 2166 At
679 2124 891 2167 obiecerit.
924 2124 1161 2180 quispiam:
1199 2125 1418 2176 „Vascula
1450 2127 1600 2166 tamen
1635 2122 1871 2178 cyrenaica
1901 2136 2046 2178 paene

350 2196 585 2239 innumera
613 2196 799 2251 Spartae
827 2196 881 2237 ab
907 2195 1063 2249 Anglis
1090 2194 1274 2238 inventa
1307 2197 1428 2247 sunt,
1465 2194 1541 2250 qui
1575 2208 1680 2249 ergo
1713 2193 1868 2249 negari
1900 2195 2048 2249 potest

476 2349 501 2393 ¹)
529 2349 694 2393 Ephorus
721 2352 847 2382 contra
866 2348 936 2393 (ap.
958 2348 1075 2383 Strab.
1095 2348 1147 2383 VI
1166 2348 1248 2391 279)
1267 2348 1321 2382 ita
1346 2347 1420 2381 fere
1446 2350 1588 2381 narrat:
1617 2347 1895 2381 Lacedaemonii
1915 2345 2049 2380 Messe-

355 2409 425 2442 niis
456 2407 589 2442 bellum
621 2408 825 2442 intulerunt
856 2417 977 2451 regem
1011 2417 1114 2441 suum
1141 2406 1324 2440 Teleclum
1349 2406 1464 2440 ulturi
1490 2410 1599 2448 atque
1624 2407 1795 2439 iurarunt
1830 2415 1867 2439 se
1905 2404 2049 2438 domum

352 2478 422 2501 non
454 2477 670 2510 reversuros,
707 2468 917 2509 priusquam
952 2466 1053 2500 illam
1080 2466 1204 2500 urbem
1237 2469 1518 2509 expugnassent.
1570 2465 1716 2499 Decimo
1749 2474 1833 2499 vero
1859 2473 1953 2498 anno
1980 2463 2049 2497 La-

352 2536 483 2560 caenas
509 2526 553 2560 ad
579 2526 675 2560 viros
703 2527 854 2568 misisse,
881 2529 923 2559 ut
949 2525 1081 2559 liberos
1100 2535 1118 2559 e
1136 2535 1172 2559 se
1190 2530 1424 2569 generarent:
1452 2525 1483 2558 si
1509 2525 1638 2567 minus,
1665 2524 1824 2567 patriam
1849 2522 2049 2566 perituram

353 2595 440 2619 esse.
491 2584 550 2619 Illi
577 2584 827 2619 adulescentes
853 2586 1030 2618 miserunt
1056 2585 1117 2626 qui
1142 2584 1300 2618 nondum
1326 2585 1402 2617 iure
1428 2583 1579 2617 iurando
1607 2583 1841 2617 tenebantur:
1880 2581 1944 2615 isti
1969 2590 2049 2623 pro-

353 2645 488 2678 miscue
527 2653 649 2678 omnes
685 2654 765 2677 cum
803 2644 966 2677 omnibus
1003 2643 1208 2686 virginibus
1241 2642 1530 2677 concumberent.
1594 2641 1710 2684 Quia
1735 2640 1937 2684 virginibus
1969 2639 2050 2673 nati

353 2713 466 2745 eaque
500 2702 542 2736 de
580 2713 689 2736 causa
719 2701 940 2746 Παρθένιοι
977 2702 1076 2743 dicti,
1120 2711 1200 2735 cum
1239 2711 1275 2735 se
1310 2711 1380 2734 non
1416 2701 1506 2735 satis
1543 2700 1712 2734 honorari
1743 2699 1931 2741 sentirent,
1970 2707 2050 2732 cum

353 2762 489 2796 Hilotis
508 2761 680 2795 adversus
699 2761 898 2804 Spartanos
918 2762 1215 2802 coniuraverunt;
1243 2759 1520 2794 Lacedaemonii
1539 2758 1612 2793 illis
1630 2762 1752 2792 tamen
1778 2759 2048 2800 persuaserunt,

353 2824 395 2854 ut
421 2820 465 2854 ad
493 2820 671 2854 coloniam
697 2819 919 2854 condendam
946 2820 1099 2853 abirent.
1151 2819 1199 2852 Hi
1216 2818 1371 2852 Achaeis
1398 2829 1477 2852 cum
1503 2817 1669 2852 barbaris
1695 2816 1945 2861 pugnantibus
1971 2816 2047 2858 opi-

354 2878 466 2912 tulati
488 2879 688 2912 Tarentum
714 2879 962 2912 condiderunt.
990 2898 1032 2902 -
1064 2877 1228 2921 Ephorus
1246 2887 1387 2919 quoque
1406 2876 1598 2910 confitetur
1616 2875 1758 2910 colonos
1777 2876 1857 2918 agri
1874 2874 2053 2909 tarentini

354 2938 527 2979 pristinos
553 2948 624 2971 non
649 2937 760 2972 fuisse
780 2937 1092 2971 Lacedaemonios.
1137 2936 1237 2979 Quod
1254 2936 1468 2970 Parthenios
1494 2936 1678 2979 virginum
1703 2934 1796 2968 filios
1822 2943 1899 2968 esse
1924 2943 2050 2967 narra-

354 2996 418 3037 vit,
447 3006 464 3029 e
482 2997 624 3029 nomine
648 2996 684 3030 id
711 2996 928 3030 conclusisse
946 2995 1100 3030 videtur.
1144 2995 1290 3037 Reliqui
1315 2997 1429 3029 testes
1456 3004 1578 3029 omnes
1604 2994 1649 3029 ab
1675 2993 1853 3028 alterutro
1879 2991 2047 3036 pendent.

474 3054 501 3099 2)
529 3053 597 3087 Cfr.
617 3054 759 3099 Beloch,
787 3054 928 3089 Griech.
948 3054 1074 3090 Gesch.
1093 3054 1133 3089 1²
1153 3055 1184 3098 1,
1203 3054 1280 3088 239.
