2180 3482
538 207 592 240 De
617 209 786 251 pericopa
811 211 984 243 extrema.
1035 210 1087 244 De
1113 211 1278 245 Phthono
1307 216 1343 246 et
1369 213 1498 247 Momo.
1810 219 1860 257 81

174 312 281 364 illos,
326 312 400 368 qui
432 311 636 354 malivolo
670 312 815 355 animo
848 315 1016 367 grande
1049 330 1226 358 carmen
1260 332 1284 359 a
1317 332 1364 360 se
1396 317 1614 373 flagitant,
1656 319 1864 374 singulari

174 382 342 438 impetu
374 381 610 425 invehitur.

292 452 456 504 Quanti
489 453 700 495 momenti
734 453 988 496 Callimachi
1023 455 1229 498 iudicium
1264 458 1318 499 de
1351 458 1617 500 carminibus
1651 459 1787 515 epicis
1820 460 1863 501 in

176 521 334 565 litteris
373 522 545 577 graecis
584 526 627 565 et
659 523 804 565 latinis
837 524 983 576 fuerit,
1033 530 1140 581 quot
1173 542 1303 582 quam
1339 542 1471 584 saepe
1506 533 1663 584 poetae
1695 530 1864 571 romani

173 593 228 635 ab
263 607 314 635 eo
348 594 587 648 pendeam,
625 596 665 635 et
701 608 834 649 saepe
866 594 933 636 his
961 596 1170 638 extremis
1197 597 1324 638 annis
1353 599 1601 653 quaesitum
1625 602 1704 651 631,
1739 615 1863 655 prae-

172 663 319 705 sertim
368 678 468 704 cum
515 663 683 718 elegiae
731 679 940 707 romanae
986 666 1107 721 origo
1155 667 1497 723 disceptaretur,
1543 683 1690 725 neque
1734 670 1863 712 huius

176 733 257 775 loci
292 737 357 776 631
391 748 617 788 quaerere.

288 803 443 859 Neque
483 805 713 846 Phthonus
748 811 804 851 (v.
834 808 930 852 105)
972 820 1117 862 neque
1158 809 1328 849 Momus
1364 814 1421 853 (v.
1451 812 1547 861 112)
1589 809 1631 851 di
1668 809 1861 863 fuerunt,

170 888 354 929 quorum
391 875 567 930 quidem
605 875 838 930 religiones
873 877 989 931 apud
1014 877 1208 919 Graecos
1243 882 1403 920 essent.
1458 879 1601 921 Licuit
1634 894 1740 923 sane
1773 881 1861 923 cui—

168 944 272 987 libet
309 945 379 987 vel
412 948 571 1000 poetae
599 946 668 988 vel
692 946 849 988 artifici
878 960 901 988 e
927 946 1136 989 virtutum
1161 948 1367 990 vitiorum
1396 949 1650 991 nominibus
1683 951 1860 993 arbitrio

168 1029 246 1057 3110
286 1016 392 1058 (1603
423 1015 608 1071 fingere.
664 1017 728 1058 Ea
759 1020 909 1058 tamen
933 1018 987 1059 de
1012 1031 1145 1059 causa
1170 1018 1300 1059 Momi
1334 1019 1534 1061 condicio
1568 1020 1742 1063 diversa
1781 1025 1860 1074 est,

168 1087 285 1141 quod
318 1086 388 1128 ille
421 1086 506 1128 iam
539 1086 584 1127 in
608 1086 872 1142 Cypriorum
907 1087 1130 1141 prooemio
1164 1088 1281 1142 regis
1314 1089 1430 1132 Iovis
1464 1090 1589 1144 quasi
1622 1105 1647 1132 a
1670 1091 1861 1133 consiliis

166 1156 460 1198 inducebatur
493 1156 552 1207 (id
575 1157 693 1212 quod
716 1170 740 1199 e
763 1157 937 1198 scholiis
960 1157 991 1198 A
1022 1158 1076 1199 ad
1099 1158 1280 1200 Homeri
1302 1162 1340 1201 A
1365 1162 1402 1200 5.
1428 1162 1453 1200 6
1477 1160 1621 1202 elucet
1644 1162 1862 1217 corruptis

167 1226 249 1267 illis
282 1226 492 1281 quidem),
534 1227 742 1282 quodque
781 1226 920 1269 eidem
965 1227 1005 1268 in
1040 1228 1219 1270 Hesiodi
1253 1229 1526 1284 genealogiis
1560 1234 1706 1273 certus
1738 1232 1860 1274 locus

166 1296 250 1338 11111
282 1297 467 1351 (Theog.
494 1312 533 1339 v.
559 1298 675 1351 214).
745 1297 854 1339 Inde
887 1312 1155 1353 quamquam
1190 1299 1455 1342 concludere
1484 1315 1574 1342 non
1603 1301 1703 1343 licet
1728 1302 1858 1344 deum

165 1366 286 1408 illum
309 1382 334 1409 a
357 1367 536 1409 Graecis
569 1367 794 1410 excultum
829 1381 924 1410 esse
959 1373 1077 1417 (nam
1106 1368 1163 1409 illi
1198 1369 1483 1411 vetustissimi
1511 1374 1669 1426 poetae
1703 1373 1856 1415 eodem

164 1437 258 1479 iure
299 1436 366 1479 usi
408 1440 512 1479 sunt
552 1452 638 1493 quo
677 1437 928 1490 inferiores3
969 1439 1087 1494 quod
1128 1438 1163 1479 si
1202 1439 1395 1481 Hesiodo
1437 1455 1527 1482 non
1572 1443 1856 1494 concesseris,

166 1507 270 1563 quid
304 1507 389 1549 iam
422 1508 477 1550 de
509 1507 769 1562 Theogonia
801 1508 1015 1564 reliquom
1058 1508 1203 1562 eritP),
1246 1509 1375 1552 facile
1416 1513 1566 1553 tamen
1611 1511 1858 1567 explicatur

166 1578 299 1620 Momi
321 1592 557 1634 personam
582 1592 636 1620 ex
660 1578 887 1620 hominum
913 1582 1157 1634 conspectu
1180 1594 1410 1636 nunquam
1432 1596 1584 1623 rursus
1608 1582 1855 1626 evanuisse.

164 1648 281 1700 Quin
323 1649 455 1691 etiam
496 1649 541 1690 in
585 1649 953 1692 consuetudinem
995 1653 1181 1692 venerat
1222 1650 1465 1706 perfectam
1518 1656 1562 1694 et
1610 1653 1857 1695 absolutam

164 1719 396 1762 cuiuslibet
436 1719 499 1762 rei
532 1719 724 1776 speciem
759 1719 1028 1762 admirantes
1062 1720 1208 1763 dicere
1249 1721 1339 1763 οὐδ’
1375 1724 1431 1764 ἂν
1466 1725 1488 1764 ὁ
1520 1724 1697 1776 Μῶμος
1727 1726 1776 1766 τό
1809 1740 1857 1780 γε

162 1797 362 1833 τοιοῦτον
403 1793 653 1844 μέμψαιτο,
703 1790 828 1832 6111113
878 1805 984 1832 113113
1025 1793 1185 1833 testem
1228 1791 1581 1847 antiquissimum
1627 1793 1855 1836 Platonem

163 1860 306 1916 (Reip.
332 1861 393 1903 VI
414 1863 499 1903 487
513 1863 553 1915 a)
588 1860 750 1903 afferre
783 1861 889 1902 satis
922 1864 1001 1903 est-
1054 1861 1202 1917 Atque
1235 1861 1422 1904 fortasse
1444 1862 1549 1904 illud
1572 1864 1855 1918 proverbium

162 1945 187 1972 a
218 1930 377 1973 fabella
411 1932 601 1987 quadam
635 1932 690 1973 de
722 1931 788 1973 dis
821 1931 994 1986 vulgari
1027 1932 1274 1975 derivatum
1308 1935 1386 1974 est.
1451 1933 1563 1974 Nam
1594 1933 1855 1977 Aristoteles

162 2002 234 2055 (de
267 2005 378 2057 part.
410 2002 541 2043 anim.
574 2005 600 2044 3
633 2017 674 2057 p.
699 2004 822 2044 6643
851 2004 923 2056 34)
963 2002 1240 2044 taurinorum
1279 2017 1495 2045 cornuum
1534 2003 1798 2059 positionem
1832 2019 1855 2046 a

160 2072 295 2114 Momi
342 2072 509 2128 aesopii
557 2071 915 2114 accusationibus
964 2072 1252 2125 defendebat,
1308 2088 1408 2115 cum
1454 2073 1524 2116 hic
1562 2073 1857 2129 improbasset

160 2141 242 2184 illis
283 2157 375 2184 non
416 2157 592 2185 umeros
641 2143 718 2185 sed
767 2145 899 2198 caput
948 2142 1121 2185 muniri.
1200 2144 1367 2186 Eadem
1409 2143 1543 2198 igitur
1583 2144 1744 2186 fabella
1784 2144 1855 2186 illa

161 2216 308 2256 aetate
333 2213 597 2255 narrabatur
620 2216 754 2269 atque
777 2213 925 2255 Babrii
948 2213 1235 2269 temporibus,
1270 2214 1345 2269 qui
1366 2213 1395 2255 1.
1421 2217 1475 2255 59
1510 2215 1700 2256 eundem
1724 2215 1853 2256 deum

159 2283 278 2335 16611,
322 2284 504 2326 deorum
538 2284 857 2326 aemulationes
891 2284 1220 2335 diiudicantem,
1271 2299 1370 2326 cum
1409 2285 1493 2326 alia
1538 2288 1633 2326 tum
1680 2287 1851 2326 taurum

160 2354 357 2409 Neptuni
390 2368 501 2410 opus
540 2355 695 2397 eadem
736 2355 790 2397 de
829 2369 963 2396 causa
1000 2354 1349 2409 reprehendisse.
1412 2355 1569 2410 Itaque
1607 2355 1851 2397 fabularum

159 2424 412 2480 scriptores,
463 2425 497 2467 si
537 2425 640 2481 quid
682 2425 825 2477 video,
873 2424 1007 2466 Momi
1046 2439 1210 2467 nomen
1249 2425 1304 2466 ab
1337 2424 1530 2467 Hesiodo
1572 2429 1852 2480 receperunt,

159 2494 279 2537 illum
294 2495 339 2536 in
364 2496 547 2538 deorum
567 2509 742 2538 servum
763 2495 1062 2547 ioculatorem,
1082 2509 1318 2550 personam
1337 2496 1559 2550 quandam
1579 2495 1849 2547 sollemnem,

159 2565 505 2608 conformarunt.
570 2566 695 2608 Plato
734 2580 885 2607 rursus
925 2579 1025 2608 eum
1065 2566 1119 2607 de
1151 2565 1322 2608 fabellis
1355 2565 1612 2620 vulgaribus
1644 2566 1850 2621 sumpsit3

159 2638 264 2678 ante
296 2636 528 2678 Platonem
560 2636 646 2678 iam
680 2636 923 2692 Sophocles
957 2639 998 2678 et
1026 2635 1251 2687 Achaeus3
1287 2638 1474 2691 uterque
1508 2635 1623 2678 enim
1656 2635 1849 2677 tabulam

158 2706 395 2761 satyricam
435 2707 630 2749 Momum
673 2706 910 2762 inscripsit.
973 2705 1122 2747 Multis
1165 2705 1351 2747 saeculis
1392 2708 1491 2761 post
1532 2705 1754 2747 Lucianus
1793 2705 1850 2746 illi

158 2780 307 2832 partes
339 2777 385 2818 in
411 2778 593 2820 deorum
618 2777 710 2820 vita
732 2776 974 2819 cottidiana
996 2775 1258 2831 praecipuas
1281 2776 1431 2817 tribuit
1455 2775 1550 2829 (cfr.
1577 2775 1850 2830 potissimum

157 2846 356 2902 Iuppiter
387 2848 641 2903 tragoedus,
682 2848 879 2890 Deorum
904 2845 1184 2901 Concilium),
1218 2848 1267 2887 ut
1298 2845 1379 2887 11111
1413 2845 1507 2900 ipse
1530 2845 1585 2887 ad
1611 2846 1850 2901 reprehen-

157 2916 352 2959 dendum
385 2917 604 2973 proclivis.
660 2918 748 2960 Sed
781 2932 879 2959 cum
904 2930 1225 2972 saepenumero
1249 2916 1363 2957 illam
1388 2915 1582 2957 fabulam
1604 2915 1851 2958 laudaverit

159 2986 292 3043 idque
330 3002 420 3029 non
452 2987 497 3029 in
531 2987 716 3043 dialogis
748 2990 922 3029 tantum
954 2986 1123 3038 fecerit,
1163 2986 1205 3028 in
1242 2986 1401 3042 quibus
1434 2986 1475 3027 di
1509 2988 1694 3041 agentes
1725 2986 1851 3028 indu-

229 3068 396 3102 Pasquali,
417 3068 629 3102 Quaestiones
650 3068 895 3096 Callimacheae.
1620 3057 1641 3089 6
