2180 3482
334 263 413 303 15⁵2
774 260 826 294 De
853 260 991 303 aliquot
1017 261 1232 304 hymnorum
1257 261 1372 296 forma
1398 266 1434 296 et,
1459 262 1577 306 figura

330 367 483 409 urbem
523 366 824 420 ingressurum
865 370 1110 422 exspectat,
1154 370 1239 409 stat
1281 372 1415 424 atque
1453 372 1678 412 matronas
1712 369 1813 411 duci
1846 369 2022 412 obviam

331 438 623 492 procedentes
677 436 906 492 conspicit.
985 437 1070 479 Hic
1122 437 1312 493 Augusti
1366 439 1609 481 adventum
1662 439 1823 481 talibus
1876 439 2022 482 verbis

331 507 568 558 renuntiat,
604 521 718 562 quae
745 506 971 562 aptissime
995 507 1039 549 in
1062 522 1329 563 praeconem
1352 509 1531 551 cadant:
1566 511 1764 552 Herculis
1794 512 1877 552 ritu
1899 513 2022 553 modo

331 579 476 631 dietus,
513 594 534 620 0
560 579 689 633 plebs,
725 584 852 620 morte
884 581 1068 621 venalem
1094 581 1262 634 petiisse
1294 583 1463 622 laurum
1501 583 1653 623 Caesar
1679 582 1877 636 Hispana
1909 595 2022 636 repe-

329 651 377 690 tit
416 651 584 704 penatis
629 651 760 690 ric-for
803 648 854 690 ab
901 664 988 690 ora.
1052 648 1297 704 Hucusque
1347 649 1568 692 scribendi
1612 663 1754 705 genus
1799 649 2025 706 praeconii

331 717 594 760 simffljmum
638 721 717 769 est,
776 717 858 759 nisi
901 719 1019 774 quod
1060 718 1209 760 laurus
1249 722 1391 761 morte
1430 719 1599 762 venalis
1646 723 1807 776 poetae
1853 720 2023 763 animos

330 788 486 844 prodit.
566 789 749 840 Pariter,
799 789 918 845 quod
961 788 1160 845 sequitur
1207 789 1436 841 monitum,
1492 793 1541 831 ut
1563 793 1793 833 matronae
1835 790 2025 845 Augusti

330 873 468 902 uxore
517 862 559 902 et
607 873 757 902 sorore
799 859 984 902 ducibus
1025 859 1112 902 iam
1154 860 1384 916 prodeant,
1431 874 1548 903 neve
1593 861 1717 917 pueri
1763 864 1807 904 et
1850 862 2024 917 puellae

331 944 503 972 sacrum
557 929 778 972 silentium
830 931 1026 978 turbent,
1087 945 1312 973 sacrorum
1363 930 1574 973 formulas
1626 931 1840 974 imitatur:
1906 935 2024 975 unico

329 1002 516 1056 quatiens
556 1004 704 1043 mulier
743 1004 895 1043 marito
930 1003 1107 1056 prodeat
1150 1004 1267 1043 iustis
1315 1008 1484 1058 operata
1523 1005 1655 1045 sacris
1694 1008 1729 1045 et
1769 1018 1890 1045 soror
1920 1006 2026 1045 clari

330 1073 447 1114 ducis
491 1079 527 1114 et
569 1074 740 1114 decorae
780 1075 964 1128 supplice
1006 1074 1109 1115 witta
1155 1075 1361 1128 riryinum
1399 1079 1550 1115 matres
1590 1075 1862 1130 iuvenumque
1893 1088 2026 1129 nuper

329 1145 550 1198 sospitum,
587 1158 666 1197 ros,
702 1159 722 1185 o
748 1146 874 1199 pueri
902 1149 937 1185 et
952 1146 1122 1199 puellae
1150 1177 1156 1184 .
1183 1178 1190 1185 .
1218 1143 1278 1196 .¹),
1315 1146 1420 1186 male
1442 1146 1668 1186 nominatis
1683 1146 1847 1199 parcife
1882 1145 2023 1187 verbis.

330 1213 385 1254 At
431 1227 545 1268 quae
593 1213 792 1270 sequitur
839 1214 1033 1269 stropha,
1088 1213 1281 1256 ostendit
1333 1228 1424 1255 non
1474 1227 1739 1269 praeconem
1785 1213 2025 1270 quemlihet

334 1284 687 1326 mercennarium
726 1284 801 1326 sed
837 1283 979 1327 virum
1023 1284 1096 1340 qui
1139 1285 1191 1326 de
1233 1284 1400 1339 patriae
1441 1299 1609 1340 suaque
1642 1285 1783 1328 salute
1815 1283 2024 1336 timuerit,

331 1368 452 1396 nunc
476 1353 561 1396 iam
585 1354 786 1409 Augusto
810 1354 1020 1396 incolumi
1043 1354 1253 1405 confidat,
1289 1354 1520 1410 praeconis
1554 1369 1715 1397 munus
1748 1355 1793 1397 in
1826 1369 1872 1398 se
1904 1369 2024 1398 rece·

331 1424 460 1480 pisse.
509 1425 591 1466 Hic
626 1440 716 1468 non
750 1425 922 1467 dubitat
956 1425 1051 1481 ipse
1083 1426 1138 1468 de
1171 1440 1216 1468 se
1249 1425 1386 1481 loqui:
1422 1428 1487 1468 hic
1521 1427 1608 1469 dies
1642 1441 1732 1468 vere
1765 1428 1866 1468 mihi
1894 1427 2026 1479 festus

332 1503 449 1539 otras
483 1499 611 1551 emisset
644 1512 789 1538 curas:
836 1512 906 1553 eqo
946 1512 1016 1539 nec
1049 1499 1268 1538 tumultum
1304 1512 1375 1538 nee
1409 1498 1511 1539 mori
1542 1512 1617 1553 per
1649 1499 1731 1538 vim
1762 1503 1940 1540 metuam
1973 1503 2025 1539 te-

334 1573 449 1609 nenne
485 1569 660 1610 Caesare.
693 1574 838 1609 terras.
902 1567 1007 1615 Iam,
1049 1566 1122 1623 qui
1155 1567 1324 1622 legunt,
1368 1570 1601 1623 quaerunt,
1644 1566 1742 1623 quis
1779 1567 1842 1609 ita
1871 1567 2025 1623 loqua-

332 1641 420 1685 tur;
474 1638 604 1680 homo
652 1637 807 1694 utique
852 1637 926 1694 qui
971 1637 1109 1679 multa
1157 1641 1198 1680 et
1247 1637 1401 1692 gravia
1448 1651 1686 1693 perpessus
1733 1637 1800 1689 sit,
1850 1637 1925 1693 qui
1973 1638 2027 1680 de

333 1708 475 1764 patria
506 1708 682 1763 saepius
716 1707 1030 1764 desperaverit.
1076 1734 1126 1738 —-
1167 1707 1401 1750 Multitudo
1442 1707 1528 1750 iam
1567 1708 1765 1764 dispersa
1805 1711 1890 1760 est3
1939 1707 2026 1749 iarn

334 1782 465 1834 poeta
497 1779 675 1821 domum
708 1793 796 1821 non
831 1778 927 1822 dico
962 1779 1188 1835 profectus
1222 1780 1298 1821 sed
1330 1782 1485 1834 raptus
1526 1782 1611 1831 est3
1651 1778 1737 1821 iam
1772 1778 2027 1822 convivium

332 1853 536 1905 apparat:
573 1853 597 1901 ἱ,
628 1856 718 1905 pete
751 1857 1020 1906 unquentum,
1048 1865 1168 1906 puer,
1202 1857 1238 1892 et
1271 1865 1448 1892 coronas
1474 1856 1510 1892 et
1537 1851 1686 1892 cadum
1710 1852 1848 1892 Marsi
1880 1865 2026 1892 memo·

334 1937 415 1963 rem
464 1923 604 1974 duelli,
655 1923 907 1977 Spartacmn
955 1924 1077 1978 seffqua
1116 1923 1256 1977 potuit
1302 1927 1521 1977 voyantem
1566 1921 1714 1973 fallere
1762 1926 1878 1963 testa.
1942 1919 2026 1971 Qui

334 1990 394 2033 ita
440 1991 647 2047 loquitur,
700 1992 880 2033 iocatur.
953 1991 1180 2047 Sequitur:
1227 1993 1295 2034 die
1333 1998 1368 2034 et
1407 1998 1582 2046 aryutae
1612 1997 1809 2048 properet
1839 1993 2029 2034 Neaerae

336 2078 545 2105 murreum
576 2065 687 2104 nodo
720 2065 904 2105 cohihere
937 2065 1099 2105 crinem.
1165 2061 1445 2117 Quicumque
1477 2061 1549 2103 issa
1581 2064 1728 2104 aetate
1759 2062 1839 2104 hos
1872 2075 2028 2104 versus

334 2132 453 2187 legit,
493 2132 538 2174 in
570 2133 769 2175 Neaerae
808 2132 987 2175 nomine
1025 2132 1179 2184 haesit,
1220 2147 1327 2174 num
1368 2133 1480 2174 haec
1512 2132 1684 2175 Neaera
1723 2132 1878 2174 eadem
1911 2134 2027 2174 esset

335 2206 469 2259 atque
501 2203 584 2254 illa,
620 2203 744 2245 cuius
777 2219 802 2245 a
829 2217 875 2246 se
899 2203 1129 2245 discidium
1151 2207 1285 2259 poeta
1306 2202 1453 2246 multis
1480 2202 1606 2245 annis
1630 2205 1734 2245 ante
1758 2203 1900 2258 epodo
1926 2201 2026 2244 XV.

334 2274 601 2316 lamentatus
645 2277 773 2316 esset.
846 2274 1072 2330 Sequitur:
1117 2277 1152 2317 si
1183 2290 1263 2331 per
1300 2277 1481 2316 incisum
1523 2289 1639 2316 moro
1687 2276 1905 2316 ianitorem
1936 2274 2027 2328 fiet,

335 2348 467 2397 abiim-
513 2348 607 2387 lenit
641 2348 847 2388 albescens
880 2348 1042 2388 aozzssmos
1075 2347 1253 2400 capillus
1285 2347 1418 2387 litium
1453 2351 1489 2387 et
1522 2347 1637 2386 rixae
1670 2346 1843 2400 cupidos
1867 2350 2029 2400 proler-

338 2431 419 2465 me,
462 2431 543 2458 non
574 2432 645 2472 eqo
677 2417 752 2458 hoc
781 2417 931 2469 ferrem
966 2418 1129 2458 calidus
1167 2418 1333 2458 iuventa
1367 2417 1531 2458 consule
1563 2415 1735 2457 Planco.
1801 2413 1885 2466 Qui
1919 2414 2029 2456 haec

334 2485 454 2540 legit,
503 2485 651 2527 statim
698 2485 831 2528 sentit
873 2499 920 2528 se
961 2489 1082 2528 recte
1123 2485 1396 2541 suspicatum
1437 2499 1546 2536 esse,
1596 2484 1731 2527 sentit
1762 2498 2030 2540 praeconem

337 2556 455 2598 illum
496 2556 793 2599 voluntarium
833 2556 989 2600 Horati
1028 2571 1182 2599 versus
1221 2556 1413 2598 laudare.
1478 2555 1579 2611 Ipse
1619 2558 1751 2611 po'eta
1789 2554 2030 2597 confitetur

336 2640 381 2669 se
415 2630 520 2669 tunc
554 2642 639 2669 non
675 2628 807 2670 talem
843 2641 936 2670 esse
972 2627 1145 2682 qualem
1183 2627 1253 2668 illa
1277 2630 1423 2669 aetate
1457 2641 1543 2680 qua
1577 2639 1754 2668 carmen
1789 2626 2026 2667 vehemen-

340 2697 548 2739 tissimum
599 2699 809 2740 adversus
853 2699 1062 2741 Neaeram
1113 2698 1262 2739 falsam
1313 2702 1351 2735 et
1395 2697 1650 2738 mendacem
1694 2695 2028 2750 composuisset.

341 2769 423 2807 lam
468 2769 620 2822 puellis
657 2769 1007 2824 repugnantibus
1043 2784 1129 2810 non
1167 2768 1370 2810 minatur.
1417 2769 1494 2807 sed
1536 2767 1706 2808 tolerat.
1773 2766 1856 2816 Qui
1897 2767 1950 2807 de
1983 2780 2028 2807 se

340 2838 440 2878 talia
485 2838 718 2893 significat.
767 2839 839 2894 qui
882 2855 1029 2881 eorum
1075 2839 1114 2880 in
1160 2844 1348 2880 mentem
1391 2837 1461 2892 ιμιὶ
1508 2838 1653 2892 legam
1690 2852 1814 2878 suum
1851 2850 2025 2879 carmen

338 2923 548 2951 revocare
576 2911 736 2961 studet,
770 2910 806 2952 is
834 2909 1069 2965 profitetur
1102 2923 1148 2952 se
1180 2924 1271 2950 non
1303 2907 1528 2950 hominem
1561 2908 1615 2949 de
1650 2908 1783 2961 vulgo
1808 2920 1918 2957 esse,
1953 2906 2031 2949 sed

341 2982 487 3021 vatem
519 2979 725 3032 nobilem,
761 2980 811 3032 Q.
836 2980 1067 3022 Horatium
1102 2980 1321 3021 Flaccum.

458 3074 483 3118 ¹)
512 3075 631 3108 Verba
658 3079 829 3116 corrupta.
855 3074 1056 3108 exscribere
1082 3073 1173 3107 nolo.
