2180 3482
373 226 454 266 110
1002 219 1056 254 De
1081 218 1215 254 fabulis
1238 220 1426 262 cyrenaeis

368 328 463 383 regi
494 328 675 369 Battum
707 325 752 366 in
783 324 925 380 Libya
957 325 1134 367 demum
1167 324 1422 380 impositum
1457 339 1572 378 esse,
1607 339 1755 381 neque
1780 328 1931 367 tamen
1964 325 2061 368 fieri

369 398 524 455 potuit,
568 399 615 438 ut
657 394 877 450 Cyrenaei
919 396 1218 438 concederent
1261 409 1307 438 se
1346 410 1371 437 a
1408 395 1538 438 balbo
1579 395 1779 438 conditos
1819 409 1927 438 esse.
1990 396 2060 437 An

372 469 603 511 credamus
634 465 885 522 Apollinem
918 467 1100 508 Battum
1138 481 1185 509 re
1224 481 1332 509 vera
1377 466 1585 509 elusisse?
1648 465 1919 509 Testimonia
1957 481 2060 510 vero

368 538 480 580 illius
512 537 688 580 fabulae
721 535 903 588 formae,
948 551 1081 592 quam
1123 551 1146 579 e
1189 536 1389 592 vestigiis
1425 536 1716 589 restituimus,
1766 536 1898 579 etiam
1939 551 2062 579 nunc

367 611 618 664 supersunt.
683 607 900 648 Pindarus
939 607 1045 662 quid
1078 606 1337 661 significarit
1373 621 1473 649 cum
1506 607 1716 650 scriberet
1751 608 1899 662 (Pyth.
1925 608 1964 650 V
1988 610 2060 661 57)

366 681 518 722 κεῖνόν
551 695 599 734 γε
631 682 707 721 καὶ
739 681 1023 734 βαρύκομποι
1054 678 1232 730 λέοντες
1270 680 1372 734 περὶ
1411 680 1584 731 ὁείματι
1625 682 1780 734 φύγον,
1821 679 2061 734 γλῶσσαν

367 753 483 793 ἐπεί
505 766 626 806 σφιν
649 751 937 792 ἀπένεικεν
960 751 1353 804 ὑπερποντίαν·
1384 750 1406 790 ὁ
1430 748 1466 791 ‹5'
1488 751 1733 804 ἀρχαγέτας
1756 748 1884 792 ἔδωκ’
1909 748 2060 791 Ἀπόλ-

365 823 460 864 λων
491 822 639 876 θῆρας
671 823 786 876 αἰνῷ
828 821 970 876 φόβῳ,
1012 821 1130 875 ὄφρα
1167 822 1227 874 μὴ
1267 822 1402 876 ταμίᾳ
1434 819 1654 875 Κυράνας
1693 821 1851 875 ἀτελὴς
1889 821 2061 875 γένοιτο

369 895 690 946 μαντεύμασιν,
738 890 843 932 mihi
882 893 1002 932 certe
1035 889 1217 931 dubium
1250 904 1339 931 non
1374 892 1452 932 est.
1517 890 1629 931 Nam
1663 903 1877 932 exsucum
1909 893 1951 932 et
1986 904 2060 932 ex-

366 976 535 1017 sangue
578 964 693 1004 esset
727 962 908 1003 Battum
940 959 1046 1003 feris
1086 961 1313 1002 oraculum
1345 959 1588 1002 reddidisse
1621 959 1719 1012 dici,
1761 964 1809 1002 ut
1841 960 2060 1015 Didymus

366 1036 410 1076 et
431 1032 711 1075 Aristarchus
745 1032 881 1088 (apud
906 1031 1186 1073 scholiastam
1212 1031 1266 1073 ad
1298 1031 1418 1073 1111110
1449 1031 1615 1086 10011111)
1648 1030 1929 1086 interpretati
1963 1045 2060 1074 esse

364 1104 584 1147 videntur.
651 1102 818 1146 Contra
849 1104 1008 1144 Battus
1042 1101 1321 1157 significatur
1353 1115 1510 1144 vocem
1544 1116 1669 1144 suam
1709 1101 1835 1157 quasi
1872 1102 2060 1144 celatam

363 1178 487 1217 trans
519 1188 639 1216 mare
667 1176 867 1230 portasse
895 1176 1029 1228 atque
1052 1172 1097 1214 111
1121 1172 1261 1227 Libya
1285 1173 1463 1215 demum
1487 1172 1717 1215 sustulisse
1734 1173 1773 1226 ¹).
1829 1173 2058 1215 Vocabulo

364 1260 469 1289 vero
504 1246 623 1302 quod
657 1248 722 1288 est
758 1247 1007 1300 ἀποφέρειν
1041 1258 1091 1286 03
1125 1244 1179 1286 (10
1206 1257 1340 1286 031153
1362 1243 1580 1285 Pindarus
1606 1257 1685 1299 pro
1710 1243 1846 1286 verbo
1874 1243 2059 1299 simplici

363 1331 469 1359 usus
513 1319 592 1368 est,
639 1316 757 1371 quod
790 1316 948 1357 Battus
980 1314 1184 1357 leonibus
1218 1314 1262 1355 id
1295 1314 1413 1370 quod
1448 1314 1674 1356 oraculum
1705 1314 1970 1365 nuntiasset,
2017 1314 2060 1356 id

364 1387 483 1444 quod
505 1387 600 1442 ipse
623 1386 705 1427 illis
729 1385 855 1442 quasi
879 1385 1073 1436 deberet,
1098 1384 1296 1439 linguam
1319 1385 1520 1436 solutam,
1545 1387 1778 1440 portasset.
1811 1384 1868 1426 At
1899 1385 1953 1427 de
1975 1386 2060 1427 hoc

363 1456 616 1501 testimonio
635 1455 834 1511 ambigas
852 1455 968 1507 licet,
993 1456 1069 1498 sed
1089 1454 1385 1498 Callimachus
1409 1469 1587 1511 quoque
1611 1455 1719 1509 (hii
1737 1457 1861 1509 v.76)
1886 1455 2059 1511 scripsit

364 1529 587 1583 integrum
625 1527 922 1578 Aristotelem,
963 1525 1007 1568 id
1046 1529 1111 1569 est
1149 1527 1344 1578 Battum,
1384 1528 1529 1568 terrae
1568 1525 1798 1581 Asbystidi
1836 1525 2059 1568 Carneum

364 1598 634 1642 commisisse
649 1597 691 1653 2).
738 1597 934 1640 Iustinus
963 1597 1089 1650 (XIII
1113 1599 1151 1648 7,
1176 1599 1209 1638 1.
1231 1599 1275 1651 6)
1293 1597 1323 1652 ⁸)
1352 1599 1503 1639 narrat
1527 1596 1647 1639 Batti
1673 1596 1789 1653 patri
1809 1595 2059 1652 Apollinem

363 1672 544 1727 propter
588 1669 781 1712 dedecus
826 1667 1124 1711 adulescentis
1169 1667 1248 1709 tilii
1289 1668 1489 1710 nondum
1534 1667 1756 1724 loquentis
1801 1667 2060 1722 deprecanti

365 1741 591 1783 oraculum
619 1739 903 1795 respondisse
932 1742 980 1780 ut
1004 1739 1162 1780 Battus
1184 1737 1380 1780 Africam
1404 1741 1576 1794 peteret
1606 1741 1649 1781 et
1678 1737 1833 1780 urbem
1857 1737 2057 1792 Cyrenas

365 1812 595 1854 conderet:
636 1825 765 1853 usum
797 1810 856 1852 ibi
888 1810 1069 1865 linguae
1101 1812 1410 1865 accepturum3
1452 1813 1586 1865 atque
1618 1809 1753 1861 illum,
1793 1808 2058 1865 simulatque

364 1882 409 1924 111
442 1881 637 1924 Africam
671 1881 869 1924 venisset
902 1884 945 1923 et
978 1883 1175 1923 montem
1211 1879 1361 1935 Cyran
1396 1883 1673 1935 occupasset,
1713 1879 1893 1935 linguae
1930 1878 2058 1921 nodis

364 1952 517 1995 solutis
549 1951 671 2008 loqui
702 1951 893 2007 primum
927 1950 1142 2007 coepisse.
1205 1951 1367 2007 Atque,
1409 1965 1542 2007 quam
1574 1950 1663 1993 late
1696 1950 1769 1992 illa
1799 1949 1950 1992 tabula
1981 1964 2057 2005 pa-

362 2023 512 2074 tuerit,
546 2022 704 2064 Horati
742 2022 938 2064 carmine
977 2021 1188 2064 arcessito
1228 2021 1358 2064 facile
1397 2022 1738 2064 demonstratur.
1803 2020 1916 2062 Nam
1952 2019 2058 2061 mihi

363 2094 541 2150 quidem
574 2092 811 2136 verisimile
845 2092 1022 2135 videtur
1054 2092 1099 2133 in
1126 2092 1247 2134 Batti
1278 2092 1540 2134 miraculum
1572 2092 1693 2134 illum
1725 2091 1919 2133 iocatum
1946 2104 2056 2143 esse,

363 2179 463 2207 cum
486 2164 697 2206 scriberet
723 2177 769 2206 se
792 2163 1006 2206 inermem
1029 2163 1182 2218 lupum
1209 2163 1391 2218 fugasse
1415 2168 1563 2214 (carm.
1588 2163 1607 2204 Ι
1630 2165 1699 2214 22,
1724 2164 1791 2214 12)
1821 2165 1942 2219 quale
1963 2177 2057 2217 por-

361 2242 515 2279 tentum
548 2250 677 2291 neque
709 2237 906 2277 militaris
938 2235 1138 2276 Daunias
1171 2237 1269 2277 latis·
1311 2237 1386 2277 alit
1419 2237 1634 2276 aesculetis
1666 2249 1738 2276 nec
1769 2234 1900 2276 Iubae
1938 2235 2058 2275 tellus

359 2312 542 2362 generat,
577 2308 738 2348 leonum
774 2307 898 2347 arida
926 2307 1082 2347 nutrix.
1141 2304 1286 2346 Voces
1320 2304 1438 2346 enim
1471 2306 1699 2346 extremae
1732 2302 1883 2358 digito,
1916 2305 1966 2344 ut
1997 2302 2059 2344 ita

362 2376 517 2428 dicam,
551 2375 724 2418 intento
758 2378 1009 2417 monstrant
1040 2374 1162 2416 illum
1194 2375 1322 2430 lupos
1355 2375 1524 2430 apulos,
1564 2375 1715 2417 leones
1749 2387 1854 2416 vero
1887 2373 2057 2428 libycos

362 2446 633 2501 significare3
656 2460 733 2488 cur
751 2448 900 2488 autem
915 2460 941 2487 a
958 2445 1073 2501 lupis
1091 2445 1147 2487 ad
1162 2445 1315 2488 leones
1334 2445 1581 2497 deflexerit,
1602 2444 1684 2487 nisi
1703 2445 1821 2501 quod
1839 2444 1894 2486 ad
1910 2443 2058 2486 nobile

481 2553 505 2596 1)
532 2552 591 2586 Ita
616 2552 689 2586 iere
714 2551 918 2586 Boeckhius
942 2553 1208 2595 interpretatus
1234 2561 1311 2585 esse
1336 2551 1490 2586 videtur.

478 2611 505 2655 ²)
533 2611 602 2646 cfr.
623 2621 714 2653 quae
741 2611 783 2645 de
809 2611 984 2645 vocabulo
1012 2611 1103 2652 quod
1131 2614 1187 2644 est
1214 2610 1328 2652 οὖλος
1355 2610 1400 2643 ad
1426 2610 1530 2644 illum
1555 2609 1673 2644 locum
1700 2609 1945 2644 disseruimus.

479 2670 505 2715 ³)
532 2670 642 2704 Cuius
668 2680 754 2704 sane
779 2670 817 2703 in
843 2670 992 2712 reliquis
1017 2679 1088 2703 non
1114 2669 1250 2703 multus
1277 2672 1333 2703 est
1358 2680 1455 2711 usus,
1484 2679 1563 2703 cum
1590 2668 1707 2702 multa
1733 2667 1929 2702 confundat
1947 2670 2056 2709 atque

360 2730 585 2772 permisceat,
606 2739 697 2771 quae
717 2730 828 2763 ceteri
846 2732 1013 2763 auctores
1031 2728 1140 2771 probe
1161 2728 1404 2761 distinxerint.
1437 2727 1549 2762 Velut
1562 2727 1715 2761 Battum
1729 2728 1939 2760 Aristaeum
1957 2737 1979 2760 a
1996 2737 2057 2759 no-

360 2788 455 2822 mine
486 2787 552 2821 filii
579 2787 741 2830 Cyrenae
767 2786 979 2831 appellavit,
1012 2797 1083 2820 non
1115 2786 1367 2828 Aristotelem3
1410 2785 1586 2820 Grinnum
1627 2789 1770 2828 patrem
1808 2785 1913 2819 Batti
1946 2784 2056 2827 dixit5

360 2849 528 2888 montem,
567 2857 638 2880 non
670 2846 807 2880 iontem
834 2846 955 2889 Cyran
987 2845 1204 2888 appellavit;
1243 2845 1412 2879 Nomium
1444 2848 1553 2886 atque
1579 2844 1749 2888 Agreum,
1788 2845 1928 2887 parit-er
1953 2844 2057 2877 deum

361 2904 646 2939 autochthonum
677 2904 885 2939 Autuchum
919 2905 1081 2939 Aristaei
1123 2904 1256 2938 fratres
1291 2903 1402 2937 fuisse
1438 2903 1553 2937 finxit.
1604 2904 1655 2937 At
1685 2903 1790 2937 Batti
1827 2902 1982 2936 historia
2018 2903 2055 2935 in

361 2963 569 2997 universum
596 2964 779 2998 sollertius
807 2965 1007 3006 composita
1033 2966 1099 3006 est,
1127 2973 1235 3005 quam
1260 2964 1302 2996 ut
1329 2962 1495 2996 dubitare
1522 2961 1641 3004 liceat,
1670 2963 1756 3004 quin
1775 2971 1854 2996 eam
1874 2961 1915 2995 de
1933 2960 2056 3004 probis

361 3021 569 3056 auctoribus
596 3023 839 3066 exscripserit.
