<?xml version="1.0" encoding="UTF-8"?>
<!DOCTYPE html PUBLIC "-//W3C//DTD XHTML 1.0 Transitional//EN"
    "http://www.w3.org/TR/xhtml1/DTD/xhtml1-transitional.dtd">
<html xmlns="http://www.w3.org/1999/xhtml" xml:lang="en" lang="en">
 <head>
  <title>
</title>
<meta http-equiv="Content-Type" content="text/html;charset=utf-8" />
  <meta name='ocr-system' content='tesseract 3.04.00' />
  <meta name='ocr-capabilities' content='ocr_page ocr_carea ocr_par ocr_line ocrx_word'/>
</head>
<body>
  <div class='ocr_page' id='page_1' title='image "./quaestionescalli00pasquoft_0046.png"; bbox 0 0 2180 3482; ppageno 0'>
   <div class='ocr_carea' id='block_1_1' title="bbox 351 234 1403 280">
    <p class='ocr_par' dir='ltr' id='par_1_1' title="bbox 351 234 1403 280">
     <span class='ocr_line' id='line_1_1' title="bbox 351 234 1403 280; baseline -0.006 -6"><span class='ocrx_word' id='word_1_1' title='bbox 351 240 408 280; x_wconf 84' lang='grc'>38</span> <span class='ocrx_word' id='word_1_2' title='bbox 990 235 1043 269; x_wconf 87' lang='lat' dir='ltr'>De</span> <span class='ocrx_word' id='word_1_3' title='bbox 1067 234 1198 278; x_wconf 82' lang='lat' dir='ltr'>hymno</span> <span class='ocrx_word' id='word_1_4' title='bbox 1224 234 1403 277; x_wconf 77' lang='lat' dir='ltr'>Apollinis</span> 
     </span>
    </p>
   </div>
   <div class='ocr_carea' id='block_1_2' title="bbox 353 339 2053 3090">
    <p class='ocr_par' dir='ltr' id='par_1_2' title="bbox 353 339 2048 1461">
     <span class='ocr_line' id='line_1_2' title="bbox 356 339 2043 397; baseline -0.004 -10"><span class='ocrx_word' id='word_1_5' title='bbox 356 345 585 388; x_wconf 91' lang='lat' dir='ltr'>vehantur.</span> <span class='ocrx_word' id='word_1_6' title='bbox 650 342 727 383; x_wconf 88' lang='lat' dir='ltr'>Illa</span> <span class='ocrx_word' id='word_1_7' title='bbox 759 341 1064 384; x_wconf 88' lang='lat' dir='ltr'>Lattermanni</span> <span class='ocrx_word' id='word_1_8' title='bbox 1111 340 1367 383; x_wconf 88' lang='lat' dir='ltr'>coniectura</span> <span class='ocrx_word' id='word_1_9' title='bbox 1412 340 1516 383; x_wconf 89' lang='lat' dir='ltr'>hinc</span> <span class='ocrx_word' id='word_1_10' title='bbox 1564 354 1742 397; x_wconf 90' lang='lat' dir='ltr'>quoque</span> <span class='ocrx_word' id='word_1_11' title='bbox 1790 339 2043 382; x_wconf 80' lang='lat' dir='ltr'>confirmari</span> 
     </span>
     <span class='ocr_line' id='line_1_3' title="bbox 355 409 2042 470; baseline -0.002 -14"><span class='ocrx_word' id='word_1_12' title='bbox 355 416 514 470; x_wconf 88' lang='lat' dir='ltr'>potest,</span> <span class='ocrx_word' id='word_1_13' title='bbox 540 413 656 469; x_wconf 89' lang='lat' dir='ltr'>quod</span> <span class='ocrx_word' id='word_1_14' title='bbox 679 411 926 455; x_wconf 73' lang='lat' dir='ltr'>recentiore</span> <span class='ocrx_word' id='word_1_15' title='bbox 949 415 1096 454; x_wconf 85' lang='lat' dir='ltr'>aetate</span> <span class='ocrx_word' id='word_1_16' title='bbox 1122 411 1167 453; x_wconf 89' lang='lat' dir='ltr'>in</span> <span class='ocrx_word' id='word_1_17' title='bbox 1188 411 1391 453; x_wconf 88' lang='lat' dir='ltr'>Demaris</span> <span class='ocrx_word' id='word_1_18' title='bbox 1413 410 1658 453; x_wconf 87' lang='lat' dir='ltr'>rationibus</span> <span class='ocrx_word' id='word_1_19' title='bbox 1677 409 1822 466; x_wconf 45' lang='lat' dir='ltr'>(5511ss</span> <span class='ocrx_word' id='word_1_20' title='bbox 1839 412 1936 462; x_wconf 81' lang='lat'>588,</span> <span class='ocrx_word' id='word_1_21' title='bbox 1956 413 2042 463; x_wconf 80' lang='lat'>72),</span> 
     </span>
     <span class='ocr_line' id='line_1_4' title="bbox 355 481 2044 540; baseline -0.001 -15"><span class='ocrx_word' id='word_1_22' title='bbox 355 484 428 540; x_wconf 93' lang='lat' dir='ltr'>qui</span> <span class='ocrx_word' id='word_1_23' title='bbox 460 483 613 525; x_wconf 89' lang='lat' dir='ltr'>titulus</span> <span class='ocrx_word' id='word_1_24' title='bbox 644 483 1011 525; x_wconf 89' lang='lat' dir='ltr'>Lattermannum</span> <span class='ocrx_word' id='word_1_25' title='bbox 1039 481 1166 537; x_wconf 80' lang='lat' dir='ltr'>fugit,</span> <span class='ocrx_word' id='word_1_26' title='bbox 1199 486 1330 525; x_wconf 79' lang='grc' dir='ltr'><em>τύποι</em></span> <span class='ocrx_word' id='word_1_27' title='bbox 1363 481 1532 535; x_wconf 78' lang='grc' dir='ltr'><em>ξύλινοι</em></span> <span class='ocrx_word' id='word_1_28' title='bbox 1565 482 1819 537; x_wconf 80' lang='grc' dir='ltr'><em>κεραμίὸων</em></span> <span class='ocrx_word' id='word_1_29' title='bbox 1852 486 1942 524; x_wconf 84' lang='grc' dir='ltr'>τῶν</span> <span class='ocrx_word' id='word_1_30' title='bbox 1969 483 2044 524; x_wconf 82' lang='grc' dir='ltr'>ἐπὶ</span> 
     </span>
     <span class='ocr_line' id='line_1_5' title="bbox 354 552 2045 611; baseline -0.002 -14"><span class='ocrx_word' id='word_1_31' title='bbox 354 556 432 598; x_wconf 89' lang='grc' dir='ltr'>τὸν</span> <span class='ocrx_word' id='word_1_32' title='bbox 450 555 704 611; x_wconf 79' lang='grc' dir='ltr'><em>Κερατῶνα</em></span> <span class='ocrx_word' id='word_1_33' title='bbox 722 556 1032 606; x_wconf 69' lang='lat' dir='ltr'>recensentur,</span> <span class='ocrx_word' id='word_1_34' title='bbox 1061 552 1225 609; x_wconf 87' lang='lat' dir='ltr'>pariter</span> <span class='ocrx_word' id='word_1_35' title='bbox 1243 552 1360 595; x_wconf 90' lang='lat' dir='ltr'>enim</span> <span class='ocrx_word' id='word_1_36' title='bbox 1377 555 1511 608; x_wconf 89' lang='lat' dir='ltr'>atque</span> <span class='ocrx_word' id='word_1_37' title='bbox 1530 552 1822 608; x_wconf 90' lang='lat' dir='ltr'>capitulorum</span> <span class='ocrx_word' id='word_1_38' title='bbox 1841 552 2045 607; x_wconf 91' lang='lat' dir='ltr'>exempla</span> 
     </span>
     <span class='ocr_line' id='line_1_6' title="bbox 354 622 2043 680; baseline -0.002 -13"><span class='ocrx_word' id='word_1_39' title='bbox 354 624 680 680; x_wconf 81' lang='lat' dir='ltr'>religiosissime</span> <span class='ocrx_word' id='word_1_40' title='bbox 719 624 1023 667; x_wconf 76' lang='lat' dir='ltr'>servabantur.</span> <span class='ocrx_word' id='word_1_41' title='bbox 1088 624 1165 666; x_wconf 83' lang='lat' dir='ltr'>Ille</span> <span class='ocrx_word' id='word_1_42' title='bbox 1204 637 1309 667; x_wconf 85' lang='lat' dir='ltr'>vero</span> <span class='ocrx_word' id='word_1_43' title='bbox 1348 622 1502 664; x_wconf 88' lang='lat' dir='ltr'>titulus</span> <span class='ocrx_word' id='word_1_44' title='bbox 1541 622 1714 665; x_wconf 88' lang='lat' dir='ltr'>circiter</span> <span class='ocrx_word' id='word_1_45' title='bbox 1746 637 1912 665; x_wconf 91' lang='lat' dir='ltr'>annum</span> <span class='ocrx_word' id='word_1_46' title='bbox 1944 625 2043 674; x_wconf 83' lang='lat'>340,</span> 
     </span>
     <span class='ocr_line' id='line_1_7' title="bbox 354 693 2043 750; baseline -0.002 -12"><span class='ocrx_word' id='word_1_47' title='bbox 354 698 403 738; x_wconf 89' lang='lat' dir='ltr'>ut</span> <span class='ocrx_word' id='word_1_48' title='bbox 435 710 459 739; x_wconf 92' lang='lat' dir='ltr'>e</span> <span class='ocrx_word' id='word_1_49' title='bbox 489 695 735 738; x_wconf 86' lang='lat' dir='ltr'>litterarum</span> <span class='ocrx_word' id='word_1_50' title='bbox 774 694 925 738; x_wconf 83' lang='lat' dir='ltr'>formis</span> <span class='ocrx_word' id='word_1_51' title='bbox 964 697 1162 750; x_wconf 88' lang='lat' dir='ltr'>apparet,</span> <span class='ocrx_word' id='word_1_52' title='bbox 1205 693 1340 749; x_wconf 88' lang='lat' dir='ltr'>lapidi</span> <span class='ocrx_word' id='word_1_53' title='bbox 1372 693 1620 749; x_wconf 88' lang='lat' dir='ltr'>insculptus</span> <span class='ocrx_word' id='word_1_54' title='bbox 1654 696 1739 746; x_wconf 81' lang='lat' dir='ltr'>est3</span> <span class='ocrx_word' id='word_1_55' title='bbox 1788 694 1907 736; x_wconf 88' lang='lat' dir='ltr'>unde</span> <span class='ocrx_word' id='word_1_56' title='bbox 1940 707 2043 736; x_wconf 91' lang='lat' dir='ltr'>con-</span> 
     </span>
     <span class='ocr_line' id='line_1_8' title="bbox 356 763 2044 823; baseline -0.002 -14"><span class='ocrx_word' id='word_1_57' title='bbox 356 766 555 823; x_wconf 88' lang='lat' dir='ltr'>sequitur</span> <span class='ocrx_word' id='word_1_58' title='bbox 582 767 660 810; x_wconf 87' lang='grc' dir='ltr'>τὸν</span> <span class='ocrx_word' id='word_1_59' title='bbox 682 768 932 823; x_wconf 77' lang='grc' dir='ltr'><em>Κερατῶνα</em></span> <span class='ocrx_word' id='word_1_60' title='bbox 955 765 1109 808; x_wconf 89' lang='lat' dir='ltr'>eadem</span> <span class='ocrx_word' id='word_1_61' title='bbox 1132 764 1225 808; x_wconf 85' lang='lat' dir='ltr'>fere</span> <span class='ocrx_word' id='word_1_62' title='bbox 1249 767 1396 807; x_wconf 88' lang='lat' dir='ltr'>aetate</span> <span class='ocrx_word' id='word_1_63' title='bbox 1419 763 1701 807; x_wconf 79' lang='lat' dir='ltr'>aedificatum</span> <span class='ocrx_word' id='word_1_64' title='bbox 1726 778 1834 807; x_wconf 89' lang='lat' dir='ltr'>esse.</span> <span class='ocrx_word' id='word_1_65' title='bbox 1864 788 1916 792; x_wconf 93' lang='lat'>—-</span> <span class='ocrx_word' id='word_1_66' title='bbox 1944 764 2044 806; x_wconf 85' lang='lat' dir='ltr'>Non</span> 
     </span>
     <span class='ocr_line' id='line_1_9' title="bbox 355 834 2046 892; baseline -0.001 -12"><span class='ocrx_word' id='word_1_67' title='bbox 355 837 503 880; x_wconf 90' lang='lat' dir='ltr'>omnia</span> <span class='ocrx_word' id='word_1_68' title='bbox 543 838 621 880; x_wconf 91' lang='lat' dir='ltr'>sed</span> <span class='ocrx_word' id='word_1_69' title='bbox 661 837 800 879; x_wconf 89' lang='lat' dir='ltr'>multa</span> <span class='ocrx_word' id='word_1_70' title='bbox 836 836 897 879; x_wconf 88' lang='lat' dir='ltr'>ita</span> <span class='ocrx_word' id='word_1_71' title='bbox 937 835 1148 892; x_wconf 87' lang='lat' dir='ltr'>explicari</span> <span class='ocrx_word' id='word_1_72' title='bbox 1180 849 1312 892; x_wconf 91' lang='lat' dir='ltr'>posse</span> <span class='ocrx_word' id='word_1_73' title='bbox 1344 835 1449 877; x_wconf 88' lang='lat' dir='ltr'>mihi</span> <span class='ocrx_word' id='word_1_74' title='bbox 1482 849 1742 891; x_wconf 89' lang='lat' dir='ltr'>persuasum</span> <span class='ocrx_word' id='word_1_75' title='bbox 1775 837 1859 878; x_wconf 85' lang='lat' dir='ltr'>est:</span> <span class='ocrx_word' id='word_1_76' title='bbox 1909 834 2046 878; x_wconf 79' lang='lat' dir='ltr'>fuisse</span> 
     </span>
     <span class='ocr_line' id='line_1_10' title="bbox 353 905 2044 964; baseline -0.002 -14"><span class='ocrx_word' id='word_1_77' title='bbox 353 908 454 951; x_wconf 88' lang='lat' dir='ltr'>Deli</span> <span class='ocrx_word' id='word_1_78' title='bbox 492 908 595 951; x_wconf 87' lang='lat' dir='ltr'>inde</span> <span class='ocrx_word' id='word_1_79' title='bbox 633 908 687 950; x_wconf 89' lang='lat' dir='ltr'>ab</span> <span class='ocrx_word' id='word_1_80' title='bbox 727 906 1033 964; x_wconf 88' lang='lat' dir='ltr'>antiquissima</span> <span class='ocrx_word' id='word_1_81' title='bbox 1072 909 1218 949; x_wconf 88' lang='lat' dir='ltr'>aetate</span> <span class='ocrx_word' id='word_1_82' title='bbox 1251 921 1371 949; x_wconf 91' lang='lat' dir='ltr'>aram</span> <span class='ocrx_word' id='word_1_83' title='bbox 1406 920 1639 962; x_wconf 88' lang='lat' dir='ltr'>caprarum</span> <span class='ocrx_word' id='word_1_84' title='bbox 1673 919 1696 949; x_wconf 91' lang='lat' dir='ltr'>e</span> <span class='ocrx_word' id='word_1_85' title='bbox 1729 905 1936 948; x_wconf 87' lang='lat' dir='ltr'>cornibus</span> <span class='ocrx_word' id='word_1_86' title='bbox 1969 919 2044 948; x_wconf 89' lang='lat' dir='ltr'>ex-</span> 
     </span>
     <span class='ocr_line' id='line_1_11' title="bbox 356 975 2046 1035; baseline -0.001 -14"><span class='ocrx_word' id='word_1_87' title='bbox 356 981 581 1031; x_wconf 88' lang='lat' dir='ltr'>structam,</span> <span class='ocrx_word' id='word_1_88' title='bbox 617 993 748 1035; x_wconf 91' lang='lat' dir='ltr'>quam</span> <span class='ocrx_word' id='word_1_89' title='bbox 770 977 927 1034; x_wconf 87' lang='lat' dir='ltr'>Apollo</span> <span class='ocrx_word' id='word_1_90' title='bbox 952 977 1212 1021; x_wconf 80' lang='lat' dir='ltr'>aedificasse</span> <span class='ocrx_word' id='word_1_91' title='bbox 1239 977 1477 1030; x_wconf 80' lang='lat' dir='ltr'>diceretur3</span> <span class='ocrx_word' id='word_1_92' title='bbox 1512 980 1668 1033; x_wconf 89' lang='lat' dir='ltr'>postea</span> <span class='ocrx_word' id='word_1_93' title='bbox 1691 990 1796 1019; x_wconf 87' lang='lat' dir='ltr'>vero</span> <span class='ocrx_word' id='word_1_94' title='bbox 1819 975 2046 1033; x_wconf 87' lang='lat' dir='ltr'>aliquanto</span> 
     </span>
     <span class='ocr_line' id='line_1_12' title="bbox 355 1046 2047 1106; baseline -0.001 -14"><span class='ocrx_word' id='word_1_95' title='bbox 355 1052 458 1106; x_wconf 87' lang='lat' dir='ltr'>post</span> <span class='ocrx_word' id='word_1_96' title='bbox 495 1064 661 1092; x_wconf 90' lang='lat' dir='ltr'>annum</span> <span class='ocrx_word' id='word_1_97' title='bbox 693 1052 779 1092; x_wconf 82' lang='lat'>340</span> <span class='ocrx_word' id='word_1_98' title='bbox 810 1048 1106 1092; x_wconf 85' lang='lat' dir='ltr'>Athenienses</span> <span class='ocrx_word' id='word_1_99' title='bbox 1138 1047 1199 1090; x_wconf 87' lang='lat' dir='ltr'>illi</span> <span class='ocrx_word' id='word_1_100' title='bbox 1230 1062 1333 1091; x_wconf 90' lang='lat' dir='ltr'>arae</span> <span class='ocrx_word' id='word_1_101' title='bbox 1365 1062 1514 1091; x_wconf 88' lang='lat' dir='ltr'>muros</span> <span class='ocrx_word' id='word_1_102' title='bbox 1548 1046 1903 1099; x_wconf 84' lang='lat' dir='ltr'>circumdedisse,</span> <span class='ocrx_word' id='word_1_103' title='bbox 1943 1049 2047 1090; x_wconf 89' lang='lat' dir='ltr'>ante</span> 
     </span>
     <span class='ocr_line' id='line_1_13' title="bbox 356 1117 2047 1175; baseline -0.002 -12"><span class='ocrx_word' id='word_1_104' title='bbox 356 1135 477 1163; x_wconf 91' lang='lat' dir='ltr'>aram</span> <span class='ocrx_word' id='word_1_105' title='bbox 499 1134 655 1163; x_wconf 89' lang='lat' dir='ltr'>oecum</span> <span class='ocrx_word' id='word_1_106' title='bbox 679 1119 951 1164; x_wconf 79' lang='lat' dir='ltr'>aedificasse.</span> <span class='ocrx_word' id='word_1_107' title='bbox 991 1120 1103 1161; x_wconf 88' lang='lat' dir='ltr'>Tum</span> <span class='ocrx_word' id='word_1_108' title='bbox 1127 1133 1231 1162; x_wconf 86' lang='lat' dir='ltr'>vero</span> <span class='ocrx_word' id='word_1_109' title='bbox 1258 1118 1425 1162; x_wconf 88' lang='lat' dir='ltr'>narrari</span> <span class='ocrx_word' id='word_1_110' title='bbox 1448 1122 1656 1175; x_wconf 89' lang='lat' dir='ltr'>coeptum</span> <span class='ocrx_word' id='word_1_111' title='bbox 1680 1132 1776 1161; x_wconf 91' lang='lat' dir='ltr'>esse</span> <span class='ocrx_word' id='word_1_112' title='bbox 1798 1117 2047 1174; x_wconf 81' lang='lat' dir='ltr'>Apollinem</span> 
     </span>
     <span class='ocr_line' id='line_1_14' title="bbox 356 1189 2047 1247; baseline -0.002 -13"><span class='ocrx_word' id='word_1_113' title='bbox 356 1206 447 1234; x_wconf 91' lang='lat' dir='ltr'>non</span> <span class='ocrx_word' id='word_1_114' title='bbox 488 1191 618 1234; x_wconf 90' lang='lat' dir='ltr'>modo</span> <span class='ocrx_word' id='word_1_115' title='bbox 658 1205 779 1233; x_wconf 89' lang='lat' dir='ltr'>aram</span> <span class='ocrx_word' id='word_1_116' title='bbox 821 1205 1053 1247; x_wconf 89' lang='lat' dir='ltr'>caprarum</span> <span class='ocrx_word' id='word_1_117' title='bbox 1095 1189 1302 1233; x_wconf 89' lang='lat' dir='ltr'>cornibus</span> <span class='ocrx_word' id='word_1_118' title='bbox 1349 1189 1646 1242; x_wconf 82' lang='lat' dir='ltr'>contexuisse,</span> <span class='ocrx_word' id='word_1_119' title='bbox 1695 1189 1773 1232; x_wconf 91' lang='lat' dir='ltr'>sed</span> <span class='ocrx_word' id='word_1_120' title='bbox 1822 1203 2047 1231; x_wconf 89' lang='lat' dir='ltr'>murorum</span> 
     </span>
     <span class='ocr_line' id='line_1_15' title="bbox 357 1260 2048 1317; baseline -0.002 -12"><span class='ocrx_word' id='word_1_121' title='bbox 357 1264 642 1305; x_wconf 88' lang='lat' dir='ltr'>cornutorum</span> <span class='ocrx_word' id='word_1_122' title='bbox 679 1261 966 1304; x_wconf 81' lang='lat' dir='ltr'>fundamenta</span> <span class='ocrx_word' id='word_1_123' title='bbox 1007 1261 1175 1304; x_wconf 90' lang='lat' dir='ltr'>iecisse.</span> <span class='ocrx_word' id='word_1_124' title='bbox 1240 1260 1356 1303; x_wconf 88' lang='lat' dir='ltr'>Nihil</span> <span class='ocrx_word' id='word_1_125' title='bbox 1394 1275 1498 1305; x_wconf 89' lang='lat' dir='ltr'>vero</span> <span class='ocrx_word' id='word_1_126' title='bbox 1533 1260 1719 1317; x_wconf 89' lang='lat' dir='ltr'>amplius</span> <span class='ocrx_word' id='word_1_127' title='bbox 1753 1260 2048 1304; x_wconf 81' lang='lat' dir='ltr'>Callimachus</span> 
     </span>
     <span class='ocr_line' id='line_1_16' title="bbox 356 1331 2046 1388; baseline -0.002 -12"><span class='ocrx_word' id='word_1_128' title='bbox 356 1335 521 1385; x_wconf 87' lang='lat' dir='ltr'>narrat,</span> <span class='ocrx_word' id='word_1_129' title='bbox 555 1332 649 1388; x_wconf 90' lang='lat' dir='ltr'>ipse</span> <span class='ocrx_word' id='word_1_130' title='bbox 682 1331 789 1374; x_wconf 89' lang='lat' dir='ltr'>nihil</span> <span class='ocrx_word' id='word_1_131' title='bbox 815 1332 1002 1388; x_wconf 88' lang='lat' dir='ltr'>amplius</span> <span class='ocrx_word' id='word_1_132' title='bbox 1035 1331 1273 1387; x_wconf 84' lang='lat' dir='ltr'>distinguo,</span> <span class='ocrx_word' id='word_1_133' title='bbox 1322 1331 1416 1375; x_wconf 84' lang='lat' dir='ltr'>sive</span> <span class='ocrx_word' id='word_1_134' title='bbox 1447 1331 1560 1374; x_wconf 88' lang='lat' dir='ltr'>muri</span> <span class='ocrx_word' id='word_1_135' title='bbox 1592 1331 1679 1374; x_wconf 88' lang='lat' dir='ltr'>iam</span> <span class='ocrx_word' id='word_1_136' title='bbox 1710 1331 1892 1375; x_wconf 79' lang='lat' dir='ltr'>fuerunt</span> <span class='ocrx_word' id='word_1_137' title='bbox 1924 1333 2046 1374; x_wconf 89' lang='lat' dir='ltr'>ante-</span> 
     </span>
     <span class='ocr_line' id='line_1_17' title="bbox 357 1402 1798 1461; baseline -0.001 -15"><span class='ocrx_word' id='word_1_138' title='bbox 357 1418 490 1461; x_wconf 86' lang='lat' dir='ltr'>quam</span> <span class='ocrx_word' id='word_1_139' title='bbox 521 1403 818 1446; x_wconf 88' lang='lat' dir='ltr'>Athenienses</span> <span class='ocrx_word' id='word_1_140' title='bbox 851 1417 1007 1446; x_wconf 90' lang='lat' dir='ltr'>oecum</span> <span class='ocrx_word' id='word_1_141' title='bbox 1040 1402 1332 1446; x_wconf 84' lang='lat' dir='ltr'>aedificarunt</span> <span class='ocrx_word' id='word_1_142' title='bbox 1364 1402 1457 1446; x_wconf 90' lang='lat' dir='ltr'>sive</span> <span class='ocrx_word' id='word_1_143' title='bbox 1489 1417 1579 1445; x_wconf 91' lang='lat' dir='ltr'>non</span> <span class='ocrx_word' id='word_1_144' title='bbox 1605 1402 1798 1446; x_wconf 83' lang='lat' dir='ltr'>fuerunt.</span> 
     </span>
    </p>

    <p class='ocr_par' dir='ltr' id='par_1_3' title="bbox 355 1473 2053 3090">
     <span class='ocr_line' id='line_1_18' title="bbox 475 1473 2046 1530; baseline -0.001 -12"><span class='ocrx_word' id='word_1_145' title='bbox 475 1475 529 1519; x_wconf 83' lang='lat'>65</span> <span class='ocrx_word' id='word_1_146' title='bbox 557 1487 657 1527; x_wconf 81' lang='lat' dir='ltr'>sqq.</span> <span class='ocrx_word' id='word_1_147' title='bbox 693 1473 920 1530; x_wconf 84' lang='lat' dir='ltr'>Sequitur:</span> <span class='ocrx_word' id='word_1_148' title='bbox 959 1473 1192 1526; x_wconf 90' lang='lat' dir='ltr'>„Phoebus</span> <span class='ocrx_word' id='word_1_149' title='bbox 1225 1488 1370 1516; x_wconf 90' lang='lat' dir='ltr'>meam</span> <span class='ocrx_word' id='word_1_150' title='bbox 1401 1474 1557 1516; x_wconf 89' lang='lat' dir='ltr'>urbem</span> <span class='ocrx_word' id='word_1_151' title='bbox 1590 1475 1720 1516; x_wconf 85' lang='lat' dir='ltr'>Batto</span> <span class='ocrx_word' id='word_1_152' title='bbox 1754 1473 1967 1517; x_wconf 83' lang='lat' dir='ltr'>indicavit</span> <span class='ocrx_word' id='word_1_153' title='bbox 2001 1477 2046 1516; x_wconf 88' lang='lat' dir='ltr'>et</span> 
     </span>
     <span class='ocr_line' id='line_1_19' title="bbox 355 1543 2048 1600; baseline -0.001 -12"><span class='ocrx_word' id='word_1_154' title='bbox 355 1546 498 1588; x_wconf 88' lang='lat' dir='ltr'>Dores</span> <span class='ocrx_word' id='word_1_155' title='bbox 521 1544 708 1600; x_wconf 73' lang='lat' dir='ltr'>Libyam</span> <span class='ocrx_word' id='word_1_156' title='bbox 730 1544 1030 1600; x_wconf 84' lang='lat' dir='ltr'>ingredientes</span> <span class='ocrx_word' id='word_1_157' title='bbox 1054 1545 1175 1589; x_wconf 89' lang='lat' dir='ltr'>corvi</span> <span class='ocrx_word' id='word_1_158' title='bbox 1207 1544 1349 1588; x_wconf 85' lang='lat' dir='ltr'>forma</span> <span class='ocrx_word' id='word_1_159' title='bbox 1381 1544 1508 1587; x_wconf 85' lang='lat' dir='ltr'>duxit</span> <span class='ocrx_word' id='word_1_160' title='bbox 1541 1547 1583 1587; x_wconf 91' lang='lat' dir='ltr'>et</span> <span class='ocrx_word' id='word_1_161' title='bbox 1615 1544 1776 1588; x_wconf 88' lang='lat' dir='ltr'>iuravit</span> <span class='ocrx_word' id='word_1_162' title='bbox 1809 1558 1856 1587; x_wconf 91' lang='lat' dir='ltr'>se</span> <span class='ocrx_word' id='word_1_163' title='bbox 1888 1543 2048 1587; x_wconf 89' lang='lat' dir='ltr'>nostris</span> 
     </span>
     <span class='ocr_line' id='line_1_20' title="bbox 356 1615 2048 1673; baseline -0.001 -14"><span class='ocrx_word' id='word_1_164' title='bbox 356 1616 537 1671; x_wconf 88' lang='lat' dir='ltr'>regibus</span> <span class='ocrx_word' id='word_1_165' title='bbox 569 1615 744 1658; x_wconf 88' lang='lat' dir='ltr'>moenia</span> <span class='ocrx_word' id='word_1_166' title='bbox 776 1617 994 1668; x_wconf 88' lang='lat' dir='ltr'>daturum,</span> <span class='ocrx_word' id='word_1_167' title='bbox 1028 1630 1175 1673; x_wconf 90' lang='lat' dir='ltr'>neque</span> <span class='ocrx_word' id='word_1_168' title='bbox 1207 1630 1405 1673; x_wconf 89' lang='lat' dir='ltr'>unquam</span> <span class='ocrx_word' id='word_1_169' title='bbox 1431 1616 1587 1672; x_wconf 89' lang='lat' dir='ltr'>Apollo</span> <span class='ocrx_word' id='word_1_170' title='bbox 1619 1615 1923 1658; x_wconf 90' lang='lat' dir='ltr'>iusiurandum</span> <span class='ocrx_word' id='word_1_171' title='bbox 1956 1615 2048 1659; x_wconf 88' lang='lat' dir='ltr'>vio-</span> 
     </span>
     <span class='ocr_line' id='line_1_21' title="bbox 357 1686 2050 1743; baseline -0.001 -14"><span class='ocrx_word' id='word_1_172' title='bbox 357 1687 505 1731; x_wconf 84' lang='lat' dir='ltr'>lavit.“</span> <span class='ocrx_word' id='word_1_173' title='bbox 572 1687 805 1730; x_wconf 77' lang='lat' dir='ltr'>Conexum</span> <span class='ocrx_word' id='word_1_174' title='bbox 837 1686 966 1729; x_wconf 89' lang='lat' dir='ltr'>huius</span> <span class='ocrx_word' id='word_1_175' title='bbox 1004 1686 1090 1729; x_wconf 88' lang='lat' dir='ltr'>loci</span> <span class='ocrx_word' id='word_1_176' title='bbox 1127 1701 1228 1729; x_wconf 92' lang='lat' dir='ltr'>cum</span> <span class='ocrx_word' id='word_1_177' title='bbox 1267 1686 1637 1743; x_wconf 86' lang='lat' dir='ltr'>praecedentibus</span> <span class='ocrx_word' id='word_1_178' title='bbox 1678 1686 1783 1729; x_wconf 89' lang='lat' dir='ltr'>satis</span> <span class='ocrx_word' id='word_1_179' title='bbox 1828 1700 2050 1743; x_wconf 85' lang='lat' dir='ltr'>superque</span> 
     </span>
     <span class='ocr_line' id='line_1_22' title="bbox 359 1756 2049 1815; baseline -0.002 -13"><span class='ocrx_word' id='word_1_180' title='bbox 359 1758 591 1815; x_wconf 82' lang='lat' dir='ltr'>explicavi.</span> <span class='ocrx_word' id='word_1_181' title='bbox 655 1759 768 1801; x_wconf 88' lang='lat' dir='ltr'>Tota</span> <span class='ocrx_word' id='word_1_182' title='bbox 806 1758 1043 1802; x_wconf 84' lang='lat' dir='ltr'>verborum</span> <span class='ocrx_word' id='word_1_183' title='bbox 1084 1758 1419 1814; x_wconf 85' lang='lat' dir='ltr'>comprehensio</span> <span class='ocrx_word' id='word_1_184' title='bbox 1461 1757 1673 1814; x_wconf 90' lang='lat' dir='ltr'>singulari</span> <span class='ocrx_word' id='word_1_185' title='bbox 1712 1761 1806 1800; x_wconf 89' lang='lat' dir='ltr'>arte</span> <span class='ocrx_word' id='word_1_186' title='bbox 1839 1756 2049 1800; x_wconf 83' lang='lat' dir='ltr'>exaedifi-</span> 
     </span>
     <span class='ocr_line' id='line_1_23' title="bbox 358 1828 2049 1886; baseline -0.001 -14"><span class='ocrx_word' id='word_1_187' title='bbox 358 1832 458 1872; x_wconf 88' lang='lat' dir='ltr'>cata</span> <span class='ocrx_word' id='word_1_188' title='bbox 480 1832 565 1882; x_wconf 75' lang='lat' dir='ltr'>est,</span> <span class='ocrx_word' id='word_1_189' title='bbox 593 1829 636 1871; x_wconf 95' lang='lat' dir='ltr'>id</span> <span class='ocrx_word' id='word_1_190' title='bbox 660 1829 779 1886; x_wconf 93' lang='lat' dir='ltr'>quod</span> <span class='ocrx_word' id='word_1_191' title='bbox 802 1829 1006 1881; x_wconf 88' lang='lat' dir='ltr'>elucebit,</span> <span class='ocrx_word' id='word_1_192' title='bbox 1031 1829 1065 1872; x_wconf 91' lang='lat' dir='ltr'>si</span> <span class='ocrx_word' id='word_1_193' title='bbox 1084 1831 1283 1886; x_wconf 79' lang='grc' dir='ltr'><em>ἔφρασεν</em></span> <span class='ocrx_word' id='word_1_194' title='bbox 1300 1844 1391 1872; x_wconf 91' lang='lat' dir='ltr'>non</span> <span class='ocrx_word' id='word_1_195' title='bbox 1413 1828 1675 1882; x_wconf 85' lang='lat' dir='ltr'>„nuntiavit,</span> <span class='ocrx_word' id='word_1_196' title='bbox 1700 1828 1925 1885; x_wconf 81' lang='lat' dir='ltr'>promisit“</span> <span class='ocrx_word' id='word_1_197' title='bbox 1951 1841 2049 1871; x_wconf 89' lang='lat' dir='ltr'>ver-</span> 
     </span>
     <span class='ocr_line' id='line_1_24' title="bbox 356 1899 2051 1957; baseline -0.002 -13"><span class='ocrx_word' id='word_1_198' title='bbox 356 1904 438 1953; x_wconf 86' lang='lat' dir='ltr'>tes,</span> <span class='ocrx_word' id='word_1_199' title='bbox 463 1915 577 1957; x_wconf 90' lang='lat' dir='ltr'>quae</span> <span class='ocrx_word' id='word_1_200' title='bbox 598 1900 719 1943; x_wconf 88' lang='lat' dir='ltr'>notio</span> <span class='ocrx_word' id='word_1_201' title='bbox 742 1900 904 1943; x_wconf 90' lang='lat' dir='ltr'>nullius</span> <span class='ocrx_word' id='word_1_202' title='bbox 925 1899 1019 1943; x_wconf 82' lang='lat' dir='ltr'>fere</span> <span class='ocrx_word' id='word_1_203' title='bbox 1042 1915 1148 1942; x_wconf 89' lang='lat' dir='ltr'>usus</span> <span class='ocrx_word' id='word_1_204' title='bbox 1171 1903 1250 1952; x_wconf 91' lang='lat' dir='ltr'>est,</span> <span class='ocrx_word' id='word_1_205' title='bbox 1275 1915 1376 1943; x_wconf 90' lang='lat' dir='ltr'>cum</span> <span class='ocrx_word' id='word_1_206' title='bbox 1399 1900 1547 1942; x_wconf 89' lang='lat' dir='ltr'>statim</span> <span class='ocrx_word' id='word_1_207' title='bbox 1566 1903 1741 1954; x_wconf 85' lang='grc' dir='ltr'><em>ὤμοσεν</em></span> <span class='ocrx_word' id='word_1_208' title='bbox 1767 1899 1892 1942; x_wconf 84' lang='lat' dir='ltr'>simili</span> <span class='ocrx_word' id='word_1_209' title='bbox 1918 1913 2051 1942; x_wconf 90' lang='lat' dir='ltr'>sensu</span> 
     </span>
     <span class='ocr_line' id='line_1_25' title="bbox 358 1970 2049 2028; baseline -0.002 -13"><span class='ocrx_word' id='word_1_210' title='bbox 358 1971 625 2015; x_wconf 88' lang='lat' dir='ltr'>vocabulum</span> <span class='ocrx_word' id='word_1_211' title='bbox 652 1974 876 2027; x_wconf 89' lang='lat' dir='ltr'>sequatur,</span> <span class='ocrx_word' id='word_1_212' title='bbox 911 1972 989 2014; x_wconf 91' lang='lat' dir='ltr'>sed</span> <span class='ocrx_word' id='word_1_213' title='bbox 1022 1986 1122 2014; x_wconf 87' lang='lat' dir='ltr'>cum</span> <span class='ocrx_word' id='word_1_214' title='bbox 1150 1970 1308 2014; x_wconf 89' lang='lat' dir='ltr'>Carolo</span> <span class='ocrx_word' id='word_1_215' title='bbox 1335 1971 1515 2014; x_wconf 86' lang='lat' dir='ltr'>Meister</span> <span class='ocrx_word' id='word_1_216' title='bbox 1549 1971 1684 2028; x_wconf 90' lang='lat' dir='ltr'>(apud</span> <span class='ocrx_word' id='word_1_217' title='bbox 1710 1971 1888 2013; x_wconf 87' lang='lat' dir='ltr'>Malten.</span> <span class='ocrx_word' id='word_1_218' title='bbox 1913 1985 1954 2026; x_wconf 89' lang='lat' dir='ltr'>p.</span> <span class='ocrx_word' id='word_1_219' title='bbox 1980 1971 2049 2022; x_wconf 88' lang='lat'>50,</span> 
     </span>
     <span class='ocr_line' id='line_1_26' title="bbox 358 2041 2050 2098; baseline -0.002 -12"><span class='ocrx_word' id='word_1_220' title='bbox 358 2043 458 2086; x_wconf 85' lang='lat' dir='ltr'>adn.</span> <span class='ocrx_word' id='word_1_221' title='bbox 488 2044 526 2096; x_wconf 89' lang='lat'>1)</span> <span class='ocrx_word' id='word_1_222' title='bbox 554 2042 787 2095; x_wconf 87' lang='lat' dir='ltr'>„ostendit‚</span> <span class='ocrx_word' id='word_1_223' title='bbox 810 2041 1117 2085; x_wconf 80' lang='lat' dir='ltr'>monstravit“.</span> <span class='ocrx_word' id='word_1_224' title='bbox 1160 2042 1269 2085; x_wconf 91' lang='lat' dir='ltr'>Inde</span> <span class='ocrx_word' id='word_1_225' title='bbox 1293 2041 1409 2085; x_wconf 87' lang='lat' dir='ltr'>enim</span> <span class='ocrx_word' id='word_1_226' title='bbox 1433 2041 1732 2098; x_wconf 83' lang='lat' dir='ltr'>consequitur,</span> <span class='ocrx_word' id='word_1_227' title='bbox 1756 2044 1806 2084; x_wconf 91' lang='lat' dir='ltr'>ut</span> <span class='ocrx_word' id='word_1_228' title='bbox 1829 2041 2050 2097; x_wconf 89' lang='lat' dir='ltr'>quoddam</span> 
     </span>
     <span class='ocr_line' id='line_1_27' title="bbox 358 2111 2050 2170; baseline -0.002 -13"><span class='ocrx_word' id='word_1_229' title='bbox 358 2117 546 2170; x_wconf 82' lang='grc' dir='ltr'><em>ὕστερον</em></span> <span class='ocrx_word' id='word_1_230' title='bbox 568 2115 803 2170; x_wconf 84' lang='grc' dir='ltr'><em>πρότερον,</em></span> <span class='ocrx_word' id='word_1_231' title='bbox 827 2116 876 2155; x_wconf 94' lang='lat' dir='ltr'>ut</span> <span class='ocrx_word' id='word_1_232' title='bbox 898 2113 1015 2155; x_wconf 90' lang='lat' dir='ltr'>illam</span> <span class='ocrx_word' id='word_1_233' title='bbox 1036 2112 1227 2169; x_wconf 81' lang='lat' dir='ltr'>figuram</span> <span class='ocrx_word' id='word_1_234' title='bbox 1250 2113 1489 2169; x_wconf 85' lang='lat' dir='ltr'>appellant,</span> <span class='ocrx_word' id='word_1_235' title='bbox 1513 2127 1821 2168; x_wconf 84' lang='lat' dir='ltr'>agnoscamus,</span> <span class='ocrx_word' id='word_1_236' title='bbox 1844 2113 1929 2154; x_wconf 91' lang='lat' dir='ltr'>hoc</span> <span class='ocrx_word' id='word_1_237' title='bbox 1954 2111 2050 2154; x_wconf 89' lang='lat' dir='ltr'>loco</span> 
     </span>
     <span class='ocr_line' id='line_1_28' title="bbox 359 2182 2050 2240; baseline -0.001 -14"><span class='ocrx_word' id='word_1_238' title='bbox 359 2184 403 2227; x_wconf 92' lang='lat' dir='ltr'>id</span> <span class='ocrx_word' id='word_1_239' title='bbox 436 2184 615 2240; x_wconf 87' lang='lat' dir='ltr'>quidem</span> <span class='ocrx_word' id='word_1_240' title='bbox 648 2183 1039 2239; x_wconf 88' lang='lat' dir='ltr'>elegantissimum.</span> <span class='ocrx_word' id='word_1_241' title='bbox 1081 2184 1193 2226; x_wconf 91' lang='lat' dir='ltr'>Nam</span> <span class='ocrx_word' id='word_1_242' title='bbox 1224 2183 1381 2240; x_wconf 87' lang='lat' dir='ltr'>Apollo</span> <span class='ocrx_word' id='word_1_243' title='bbox 1414 2183 1574 2226; x_wconf 88' lang='lat' dir='ltr'>dicitur</span> <span class='ocrx_word' id='word_1_244' title='bbox 1604 2184 1750 2226; x_wconf 91' lang='lat' dir='ltr'>locum</span> <span class='ocrx_word' id='word_1_245' title='bbox 1782 2182 1880 2225; x_wconf 87' lang='lat' dir='ltr'>urbi</span> <span class='ocrx_word' id='word_1_246' title='bbox 1913 2184 2050 2225; x_wconf 90' lang='lat' dir='ltr'>statu-</span> 
     </span>
     <span class='ocr_line' id='line_1_29' title="bbox 362 2253 2052 2311; baseline -0.001 -14"><span class='ocrx_word' id='word_1_247' title='bbox 362 2255 503 2298; x_wconf 89' lang='lat' dir='ltr'>endae</span> <span class='ocrx_word' id='word_1_248' title='bbox 534 2254 629 2311; x_wconf 91' lang='lat' dir='ltr'>ipse</span> <span class='ocrx_word' id='word_1_249' title='bbox 662 2254 797 2310; x_wconf 87' lang='lat' dir='ltr'>digito</span> <span class='ocrx_word' id='word_1_250' title='bbox 831 2254 1004 2297; x_wconf 89' lang='lat' dir='ltr'>intento</span> <span class='ocrx_word' id='word_1_251' title='bbox 1031 2255 1162 2297; x_wconf 87' lang='lat' dir='ltr'>Batto</span> <span class='ocrx_word' id='word_1_252' title='bbox 1196 2257 1479 2307; x_wconf 89' lang='lat' dir='ltr'>monstrasse,</span> <span class='ocrx_word' id='word_1_253' title='bbox 1514 2257 1750 2311; x_wconf 84' lang='lat' dir='ltr'>postquam</span> <span class='ocrx_word' id='word_1_254' title='bbox 1781 2253 1899 2296; x_wconf 91' lang='lat' dir='ltr'>idem</span> <span class='ocrx_word' id='word_1_255' title='bbox 1931 2253 2052 2297; x_wconf 88' lang='lat' dir='ltr'>corvi</span> 
     </span>
     <span class='ocr_line' id='line_1_30' title="bbox 360 2324 2050 2382; baseline -0.001 -15"><span class='ocrx_word' id='word_1_256' title='bbox 360 2326 506 2381; x_wconf 81' lang='lat' dir='ltr'>figura</span> <span class='ocrx_word' id='word_1_257' title='bbox 528 2325 587 2367; x_wconf 92' lang='lat' dir='ltr'>illi</span> <span class='ocrx_word' id='word_1_258' title='bbox 613 2326 769 2368; x_wconf 84' lang='lat' dir='ltr'>dextra</span> <span class='ocrx_word' id='word_1_259' title='bbox 802 2325 1081 2381; x_wconf 84' lang='lat' dir='ltr'>apparuisset</span> <span class='ocrx_word' id='word_1_260' title='bbox 1113 2325 1315 2381; x_wconf 81' lang='lat' dir='ltr'>illiusque</span> <span class='ocrx_word' id='word_1_261' title='bbox 1348 2325 1561 2382; x_wconf 89' lang='lat' dir='ltr'>populum</span> <span class='ocrx_word' id='word_1_262' title='bbox 1583 2325 1769 2381; x_wconf 83' lang='lat' dir='ltr'>Libyam</span> <span class='ocrx_word' id='word_1_263' title='bbox 1801 2324 2050 2380; x_wconf 90' lang='lat' dir='ltr'>ingredien-</span> 
     </span>
     <span class='ocr_line' id='line_1_31' title="bbox 362 2395 2051 2452; baseline -0.001 -13"><span class='ocrx_word' id='word_1_264' title='bbox 362 2400 452 2440; x_wconf 92' lang='lat' dir='ltr'>tem</span> <span class='ocrx_word' id='word_1_265' title='bbox 484 2395 702 2447; x_wconf 60' lang='lat' dir='ltr'>duxissei,</span> <span class='ocrx_word' id='word_1_266' title='bbox 737 2399 831 2437; x_wconf 90' lang='lat' dir='ltr'>tum</span> <span class='ocrx_word' id='word_1_267' title='bbox 870 2396 912 2438; x_wconf 89' lang='lat' dir='ltr'>id</span> <span class='ocrx_word' id='word_1_268' title='bbox 952 2396 1233 2451; x_wconf 88' lang='lat' dir='ltr'>subiungitur</span> <span class='ocrx_word' id='word_1_269' title='bbox 1265 2397 1383 2452; x_wconf 91' lang='lat' dir='ltr'>quod</span> <span class='ocrx_word' id='word_1_270' title='bbox 1407 2396 1663 2439; x_wconf 88' lang='lat' dir='ltr'>Callimachi</span> <span class='ocrx_word' id='word_1_271' title='bbox 1695 2395 1887 2438; x_wconf 88' lang='lat' dir='ltr'>maxime</span> <span class='ocrx_word' id='word_1_272' title='bbox 1918 2395 2051 2438; x_wconf 86' lang='lat' dir='ltr'>inter-</span> 
     </span>
     <span class='ocr_line' id='line_1_32' title="bbox 362 2466 2047 2523; baseline -0.001 -13"><span class='ocrx_word' id='word_1_273' title='bbox 362 2471 468 2519; x_wconf 90' lang='lat' dir='ltr'>erat,</span> <span class='ocrx_word' id='word_1_274' title='bbox 507 2467 755 2523; x_wconf 87' lang='lat' dir='ltr'>Apollinem</span> <span class='ocrx_word' id='word_1_275' title='bbox 794 2467 1046 2523; x_wconf 85' lang='lat' dir='ltr'>promisisse</span> <span class='ocrx_word' id='word_1_276' title='bbox 1091 2481 1137 2510; x_wconf 92' lang='lat' dir='ltr'>se</span> <span class='ocrx_word' id='word_1_277' title='bbox 1182 2467 1360 2522; x_wconf 86' lang='lat' dir='ltr'>regibus</span> <span class='ocrx_word' id='word_1_278' title='bbox 1403 2467 1634 2523; x_wconf 79' lang='lat' dir='ltr'>cyrenaeis</span> <span class='ocrx_word' id='word_1_279' title='bbox 1667 2467 1739 2509; x_wconf 91' lang='lat' dir='ltr'>illa</span> <span class='ocrx_word' id='word_1_280' title='bbox 1770 2466 1945 2510; x_wconf 90' lang='lat' dir='ltr'>moenia</span> <span class='ocrx_word' id='word_1_281' title='bbox 1977 2467 2047 2508; x_wconf 93' lang='lat' dir='ltr'>da-</span> 
     </span>
     <span class='ocr_line' id='line_1_33' title="bbox 361 2537 2052 2594; baseline 0 -14"><span class='ocrx_word' id='word_1_282' title='bbox 361 2542 522 2580; x_wconf 86' lang='lat' dir='ltr'>turum.</span> <span class='ocrx_word' id='word_1_283' title='bbox 568 2539 656 2580; x_wconf 90' lang='lat' dir='ltr'>Iam</span> <span class='ocrx_word' id='word_1_284' title='bbox 693 2538 1025 2594; x_wconf 69' lang='lat' dir='ltr'>polysyndeton</span> <span class='ocrx_word' id='word_1_285' title='bbox 1058 2538 1411 2594; x_wconf 89' lang='lat' dir='ltr'>interrumpitur:</span> <span class='ocrx_word' id='word_1_286' title='bbox 1447 2538 1681 2593; x_wconf 87' lang='lat' dir='ltr'>singularis</span> <span class='ocrx_word' id='word_1_287' title='bbox 1703 2537 1918 2594; x_wconf 87' lang='lat' dir='ltr'>Apollinis</span> <span class='ocrx_word' id='word_1_288' title='bbox 1940 2537 2052 2580; x_wconf 80' lang='lat' dir='ltr'>fides</span> 
     </span>
     <span class='ocr_line' id='line_1_34' title="bbox 362 2608 2051 2665; baseline -0.001 -14"><span class='ocrx_word' id='word_1_289' title='bbox 362 2609 447 2652; x_wconf 84' lang='lat' dir='ltr'>alia</span> <span class='ocrx_word' id='word_1_290' title='bbox 487 2609 703 2665; x_wconf 86' lang='lat' dir='ltr'>particula</span> <span class='ocrx_word' id='word_1_291' title='bbox 743 2608 938 2651; x_wconf 87' lang='lat' dir='ltr'>adhibita</span> <span class='ocrx_word' id='word_1_292' title='bbox 983 2609 1248 2664; x_wconf 85' lang='lat' dir='ltr'>adiungitur.</span> <span class='ocrx_word' id='word_1_293' title='bbox 1312 2609 1423 2651; x_wconf 88' lang='lat' dir='ltr'>Illud</span> <span class='ocrx_word' id='word_1_294' title='bbox 1454 2609 1588 2664; x_wconf 90' lang='lat' dir='ltr'>igitur</span> <span class='ocrx_word' id='word_1_295' title='bbox 1621 2609 1739 2665; x_wconf 91' lang='lat' dir='ltr'>quod</span> <span class='ocrx_word' id='word_1_296' title='bbox 1772 2611 1839 2651; x_wconf 91' lang='lat' dir='ltr'>est</span> <span class='ocrx_word' id='word_1_297' title='bbox 1870 2610 1943 2651; x_wconf 80' lang='grc' dir='ltr'><em>καὶ</em></span> <span class='ocrx_word' id='word_1_298' title='bbox 1976 2609 2051 2650; x_wconf 88' lang='grc' dir='ltr'>Λι-</span> 
     </span>
     <span class='ocr_line' id='line_1_35' title="bbox 361 2679 2053 2737; baseline -0.001 -15"><span class='ocrx_word' id='word_1_299' title='bbox 361 2684 476 2737; x_wconf 78' lang='grc' dir='ltr'><em>βύην</em></span> <span class='ocrx_word' id='word_1_300' title='bbox 503 2683 680 2723; x_wconf 79' lang='grc' dir='ltr'><em>εἰσιόντι</em></span> <span class='ocrx_word' id='word_1_301' title='bbox 713 2680 854 2736; x_wconf 81' lang='grc' dir='ltr'><em>κόραξ</em></span> <span class='ocrx_word' id='word_1_302' title='bbox 885 2683 1078 2735; x_wconf 75' lang='grc' dir='ltr'><em>ἡγήσατο</em></span> <span class='ocrx_word' id='word_1_303' title='bbox 1111 2682 1207 2736; x_wconf 82' lang='grc' dir='ltr'><em>λαῷ</em></span> <span class='ocrx_word' id='word_1_304' title='bbox 1241 2679 1384 2733; x_wconf 73' lang='grc' dir='ltr'><em>δεξιὸς</em></span> <span class='ocrx_word' id='word_1_305' title='bbox 1419 2683 1631 2736; x_wconf 81' lang='grc' dir='ltr'><em>οἰκιστῆρι</em></span> <span class='ocrx_word' id='word_1_306' title='bbox 1660 2682 1909 2735; x_wconf 89' lang='lat' dir='ltr'>temporum</span> <span class='ocrx_word' id='word_1_307' title='bbox 1932 2679 2053 2721; x_wconf 90' lang='lat' dir='ltr'>nulla</span> 
     </span>
     <span class='ocr_line' id='line_1_36' title="bbox 364 2749 2053 2807; baseline 0 -15"><span class='ocrx_word' id='word_1_308' title='bbox 364 2751 534 2793; x_wconf 88' lang='lat' dir='ltr'>ratione</span> <span class='ocrx_word' id='word_1_309' title='bbox 566 2750 717 2792; x_wconf 89' lang='lat' dir='ltr'>habita</span> <span class='ocrx_word' id='word_1_310' title='bbox 741 2750 865 2807; x_wconf 88' lang='lat' dir='ltr'>quasi</span> <span class='ocrx_word' id='word_1_311' title='bbox 889 2752 1206 2806; x_wconf 87' lang='lat' dir='ltr'>parentheseos</span> <span class='ocrx_word' id='word_1_312' title='bbox 1228 2751 1324 2793; x_wconf 93' lang='lat' dir='ltr'>loco</span> <span class='ocrx_word' id='word_1_313' title='bbox 1357 2750 1472 2793; x_wconf 89' lang='lat' dir='ltr'>inter</span> <span class='ocrx_word' id='word_1_314' title='bbox 1505 2751 1613 2792; x_wconf 86' lang='lat' dir='ltr'>duas</span> <span class='ocrx_word' id='word_1_315' title='bbox 1647 2749 1904 2801; x_wconf 87' lang='lat' dir='ltr'>sententias,</span> <span class='ocrx_word' id='word_1_316' title='bbox 1939 2763 2053 2806; x_wconf 88' lang='lat' dir='ltr'>quae</span> 
     </span>
     <span class='ocr_line' id='line_1_37' title="bbox 363 2821 2053 2877; baseline 0.001 -15"><span class='ocrx_word' id='word_1_317' title='bbox 363 2821 477 2864; x_wconf 89' lang='lat' dir='ltr'>inter</span> <span class='ocrx_word' id='word_1_318' title='bbox 500 2835 546 2864; x_wconf 85' lang='lat' dir='ltr'>se</span> <span class='ocrx_word' id='word_1_319' title='bbox 570 2822 821 2874; x_wconf 87' lang='lat' dir='ltr'>cohaerent,</span> <span class='ocrx_word' id='word_1_320' title='bbox 850 2821 1158 2877; x_wconf 87' lang='lat' dir='ltr'>interponitur.</span> <span class='ocrx_word' id='word_1_321' title='bbox 1193 2822 1361 2864; x_wconf 89' lang='lat' dir='ltr'>Eodem</span> <span class='ocrx_word' id='word_1_322' title='bbox 1385 2821 1576 2876; x_wconf 85' lang='lat' dir='ltr'>pertinet</span> <span class='ocrx_word' id='word_1_323' title='bbox 1599 2821 1717 2876; x_wconf 93' lang='lat' dir='ltr'>quod</span> <span class='ocrx_word' id='word_1_324' title='bbox 1748 2821 1899 2877; x_wconf 80' lang='grc' dir='ltr'><em>κόραξ,</em></span> <span class='ocrx_word' id='word_1_325' title='bbox 1934 2821 2053 2876; x_wconf 89' lang='lat' dir='ltr'>quod</span> 
     </span>
     <span class='ocr_line' id='line_1_38' title="bbox 363 2891 2049 2948; baseline -0.001 -14"><span class='ocrx_word' id='word_1_326' title='bbox 363 2892 628 2935; x_wconf 84' lang='lat' dir='ltr'>vocabulum</span> <span class='ocrx_word' id='word_1_327' title='bbox 651 2891 865 2948; x_wconf 90' lang='lat' dir='ltr'>Apollinis</span> <span class='ocrx_word' id='word_1_328' title='bbox 892 2892 1108 2948; x_wconf 87' lang='lat' dir='ltr'>appositio</span> <span class='ocrx_word' id='word_1_329' title='bbox 1143 2894 1221 2944; x_wconf 88' lang='lat' dir='ltr'>est,</span> <span class='ocrx_word' id='word_1_330' title='bbox 1255 2892 1300 2934; x_wconf 91' lang='lat' dir='ltr'>in</span> <span class='ocrx_word' id='word_1_331' title='bbox 1327 2892 1462 2934; x_wconf 88' lang='lat' dir='ltr'>altero</span> <span class='ocrx_word' id='word_1_332' title='bbox 1495 2894 1670 2933; x_wconf 89' lang='lat' dir='ltr'>tantum</span> <span class='ocrx_word' id='word_1_333' title='bbox 1702 2891 1898 2934; x_wconf 88' lang='lat' dir='ltr'>membro</span> <span class='ocrx_word' id='word_1_334' title='bbox 1933 2905 2049 2933; x_wconf 88' lang='lat' dir='ltr'>com-</span> 
     </span>
     <span class='ocr_line' id='line_1_39' title="bbox 365 2961 2052 3018; baseline 0 -15"><span class='ocrx_word' id='word_1_335' title='bbox 365 2966 646 3015; x_wconf 82' lang='lat' dir='ltr'>memoratur,</span> <span class='ocrx_word' id='word_1_336' title='bbox 696 2963 750 3005; x_wconf 92' lang='lat' dir='ltr'>ad</span> <span class='ocrx_word' id='word_1_337' title='bbox 799 2963 917 3018; x_wconf 92' lang='lat' dir='ltr'>quod</span> <span class='ocrx_word' id='word_1_338' title='bbox 964 2978 1101 3005; x_wconf 88' lang='lat' dir='ltr'>unum</span> <span class='ocrx_word' id='word_1_339' title='bbox 1146 2962 1428 3006; x_wconf 81' lang='lat' dir='ltr'>referendum</span> <span class='ocrx_word' id='word_1_340' title='bbox 1470 2962 1543 3004; x_wconf 86' lang='lat' dir='ltr'>sit:</span> <span class='ocrx_word' id='word_1_341' title='bbox 1597 2961 1757 3005; x_wconf 83' lang='lat' dir='ltr'>iuravit</span> <span class='ocrx_word' id='word_1_342' title='bbox 1798 2961 1915 3004; x_wconf 89' lang='lat' dir='ltr'>enim</span> <span class='ocrx_word' id='word_1_343' title='bbox 1959 2961 2052 3004; x_wconf 91' lang='lat' dir='ltr'>sine</span> 
     </span>
     <span class='ocr_line' id='line_1_40' title="bbox 370 3032 2051 3090; baseline 0 -16"><span class='ocrx_word' id='word_1_344' title='bbox 370 3032 501 3074; x_wconf 88' lang='lat' dir='ltr'>dubio</span> <span class='ocrx_word' id='word_1_345' title='bbox 534 3032 690 3089; x_wconf 88' lang='lat' dir='ltr'>Apollo</span> <span class='ocrx_word' id='word_1_346' title='bbox 723 3032 914 3090; x_wconf 87' lang='lat' dir='ltr'>propria,</span> <span class='ocrx_word' id='word_1_347' title='bbox 947 3047 1037 3076; x_wconf 90' lang='lat' dir='ltr'>non</span> <span class='ocrx_word' id='word_1_348' title='bbox 1072 3033 1192 3077; x_wconf 85' lang='lat' dir='ltr'>corvi</span> <span class='ocrx_word' id='word_1_349' title='bbox 1229 3033 1388 3086; x_wconf 81' lang='lat' dir='ltr'>forma3</span> <span class='ocrx_word' id='word_1_350' title='bbox 1433 3033 1587 3076; x_wconf 91' lang='lat' dir='ltr'>eodem</span> <span class='ocrx_word' id='word_1_351' title='bbox 1621 3033 1739 3089; x_wconf 90' lang='lat' dir='ltr'>quod</span> <span class='ocrx_word' id='word_1_352' title='bbox 1771 3047 1930 3076; x_wconf 87' lang='lat' dir='ltr'>corvus</span> <span class='ocrx_word' id='word_1_353' title='bbox 1962 3046 2051 3075; x_wconf 91' lang='lat' dir='ltr'>non</span> 
     </span>
    </p>
   </div>
  </div>
 </body>
</html>
