2180 3482
352 244 432 284 126
981 238 1035 273 De
1059 237 1194 272 fabulis
1218 237 1403 280 cyrenaeis

348 349 403 391 de
430 347 609 402 Cyrena
641 343 885 399 composita
916 343 1159 386 Hesiodum
1193 343 1374 385 colonos
1402 342 1677 397 Cyrenarum
1701 341 1936 384 Thessalos
1968 341 2039 385 vel

349 421 468 461 certe
502 417 694 458 Graecos
727 413 977 469 respexisse
1010 414 1337 456 demonstratur
1352 412 1392 466 ¹).
1457 412 1569 454 Nam
1603 412 1701 468 quis
1724 411 1960 467 spondebit
1985 412 2040 454 de

347 485 618 542 Argonautis
660 484 846 539 Libyam
888 483 1231 539 peragrantibus
1273 482 1574 526 narrationem
1615 482 1659 523 in
1701 481 1835 524 Eoeis
1875 481 2039 524 fuisse?

349 558 445 614 quis
477 558 620 599 Eoeas
654 555 709 597 ab
741 569 830 597 uno
865 557 998 610 poeta
1024 553 1292 610 compositas
1326 553 1450 596 esse‘?
1502 553 1573 605 At,
1608 556 1851 608 utcumque
1882 552 1926 594 id
1959 556 2039 605 est,

347 643 438 670 non
471 627 637 683 primus
671 626 888 667 Pindarus
922 624 1083 667 cecinit
1117 625 1248 667 deum
1280 624 1475 679 libycum
1513 623 1603 666 fide
1635 622 1906 678 Argonautis
1938 623 2042 665 data

347 699 464 741 illam
496 701 658 740 terram
704 711 856 739 eorum
897 695 1127 751 progeniei
1165 694 1408 750 pollicitum
1447 708 1556 737 esse.
1620 694 1732 736 Nam
1770 693 1890 735 illum
1933 693 2042 735 duas

347 769 608 811 traditiones
631 767 746 810 inter
769 780 815 809 se
838 765 1149 822 permiscuisse
1172 768 1293 807 recte
1317 764 1569 807 enucleavit
1585 764 1820 807 Maltenius
1845 769 1902 819 (p.
1927 765 2039 817 114).

349 839 435 892 Qui
468 838 584 882 enim
616 839 856 879 humanam
888 836 1076 879 formam
1108 835 1304 878 induisse
1331 834 1491 877 dicitur
1519 839 1575 884 (v.
1601 837 1657 877 28
1670 849 1763 891 sqq.
1797 837 1974 877 τουτάκι
2003 833 2039 876 δ’

350 911 560 962 οἰοπόλος
593 910 768 962 δαίμων
801 908 1019 964 ἐπῆλθεν,
1055 907 1273 962 φαιδίμαν
1307 906 1471 961 ἀνδρὸς
1503 905 1676 947 αἰδοίου
1704 908 1936 961 πρόσοψιν
1959 905 2041 961 θη-

349 984 574 1035 κάμενος),
608 979 680 1022 ille
711 978 905 1021 belluina
927 978 998 1020 vel
1031 980 1151 1020 certe
1184 975 1490 1019 semihumana
1520 975 1783 1032 plerumque
1808 975 1965 1027 utitur3
1998 974 2041 1016 id

349 1056 416 1095 est
448 1051 603 1093 Triton
635 1050 680 1091 in
711 1050 834 1092 lacus
858 1047 1097 1090 Tritonidis
1130 1046 1334 1089 faucibus
1355 1046 1625 1101 Argonautis
1648 1045 1865 1102 apparuit.
1922 1046 2041 1088 Eun-

349 1124 449 1166 dem
483 1120 843 1178 quandoquidem
869 1119 1149 1174 Eurypylum
1172 1116 1370 1173 Neptuni
1401 1116 1540 1159 filium
1569 1130 1614 1159 se
1638 1116 1802 1159 dixisse
1825 1116 2042 1158 Pindarus

348 1196 512 1245 narrat,
548 1193 658 1234 duos
691 1191 890 1234 diversos
923 1190 1028 1232 deos
1061 1188 1316 1244 permiscet;
1358 1187 1583 1230 Tritonem
1617 1187 1693 1243 qui
1726 1186 1847 1242 Syrti
1879 1185 2042 1242 praesi-

349 1265 436 1315 det,
480 1266 522 1306 et
564 1261 857 1317 Eurypylum,
901 1259 976 1316 qui
1016 1259 1101 1301 fuit
1143 1260 1250 1301 deus
1293 1257 1470 1314 proprie
1509 1257 1782 1313 Cyrenaeus,
1825 1257 2040 1313 siquidem

350 1334 645 1377 Callimachus
690 1332 810 1373 illum
855 1346 947 1373 non
990 1330 1077 1372 iam
1121 1329 1413 1372 immortalem
1459 1329 1535 1371 sed
1579 1328 1809 1370 mortalem
1855 1328 2042 1383 Cyrenis

348 1418 561 1460 regnasse
605 1418 656 1446 ea
697 1405 845 1445 aetate
885 1400 1081 1443 narravit
1123 1400 1368 1454 (11.1191),
1409 1413 1497 1455 qua
1530 1398 1707 1454 Cyrene
1738 1399 1927 1450 leonem,
1968 1397 2043 1453 qui

350 1476 462 1517 illius
496 1477 697 1517 armenta
728 1475 938 1523 vastaret,
972 1474 1166 1514 necaret.
1222 1469 1307 1522 Qui
1338 1469 1533 1512 tabulam
1556 1469 1617 1511 ita
1645 1469 1905 1525 composuit,
1935 1469 2043 1510 duas

349 1546 519 1588 fabulas
552 1545 668 1587 inter
701 1558 747 1587 se
780 1543 1016 1586 conciliare
1049 1540 1230 1592 studuit,
1271 1555 1457 1596 quarum
1490 1539 1722 1596 utriusque
1755 1539 1860 1581 satis
1893 1538 2042 1594 gravis

351 1620 466 1660 esset
502 1615 753 1658 auctoritas.
817 1614 969 1656 Altera
1002 1616 1121 1655 certe
1162 1626 1217 1655 ex
1256 1611 1438 1653 aliorum
1478 1610 1742 1667 scriptorum
1780 1609 2043 1653 testimoniis

349 1687 521 1730 restitui
567 1689 728 1742 potest,
779 1699 866 1741 qua
911 1685 965 1727 de
1004 1683 1181 1725 Pindari
1224 1681 1477 1724 narratione
1516 1681 1641 1738 quasi
1683 1682 1865 1737 dempta
1905 1681 2043 1724 altera

349 1757 515 1815 pariter
547 1758 666 1799 nullo
700 1757 787 1799 iam
819 1755 999 1811 negotio
1032 1753 1380 1810 recuperabitur.

469 1828 721 1871 Herodotus
770 1827 848 1881 (IV
892 1828 972 1868 179
991 1827 1107 1882 sqq.)
1150 1828 1298 1867 narrat
1347 1825 1564 1876 Iasonem,
1616 1823 1882 1879 simulatque
1923 1823 2042 1878 Argo

351 1899 556 1943 confecta
607 1902 741 1950 esset,
795 1912 820 1940 a
861 1897 980 1939 Pelio
1028 1896 1229 1951 Delphos
1274 1909 1426 1938 versus
1479 1894 1644 1937 circum
1686 1894 2043 1950 Peloponnesum

349 1970 563 2025 navigare
586 1969 798 2021 voluisse3
834 1969 911 2010 sed
938 1967 1130 2023 procella
1157 1967 1211 2008 ad
1234 1966 1420 2021 Libyam
1442 1966 1587 2021 ipsum
1611 1968 1848 2021 portatum,
1881 1964 1927 2006 in
1950 1964 2043 2006 Tri-

350 2040 513 2083 tonidis
552 2041 674 2082 lacus
708 2040 822 2083 vada
854 2052 1016 2081 navem
1050 2038 1292 2093 proiectam
1321 2051 1436 2089 esse,
1477 2037 1596 2078 unde
1629 2050 1729 2078 cum
1758 2035 2044 2091 Argonautae

349 2112 433 2168 ipsi
457 2126 504 2154 se
531 2110 741 2167 expedire
764 2124 854 2152 non
876 2112 1074 2165 possent,
1109 2108 1335 2150 Tritonem
1359 2106 1618 2163 apparuisse
1640 2107 1934 2162 Iasonemque
1956 2105 2043 2148 ius-

351 2183 459 2225 sisse
493 2181 574 2224 sibi
606 2181 825 2237 tripodem
847 2180 1035 2231 tradere,
1070 2178 1312 2234 pollicitum
1336 2192 1382 2220 se
1409 2177 1503 2220 illos
1535 2178 1619 2219 hac
1651 2177 1855 2219 mercede
1886 2176 2044 2219 itinere

350 2252 543 2294 indicato
577 2252 820 2294 incolumes
853 2251 1031 2293 domum
1063 2249 1439 2291 transmissurum.
1497 2248 1611 2290 Eum
1645 2250 1793 2290 autem
1825 2246 2044 2303 tripodem

351 2323 393 2364 in
412 2337 490 2365 suo
508 2323 672 2378 templo
693 2321 988 2372 constituisse,
1007 2319 1278 2375 Argonautis
1296 2319 1588 2362 vaticinatum
1605 2322 1700 2360 tum
1718 2320 1898 2360 centum
1913 2318 2045 2360 urbes

351 2408 534 2449 graecas
568 2393 733 2435 circum
766 2392 909 2434 lacum
944 2390 1217 2433 Tritonidem
1249 2389 1436 2441 futuras,
1471 2403 1571 2431 cum
1604 2388 1775 2431 illorum
1807 2388 2045 2444 progenies

351 2465 571 2520 tripodem
617 2465 905 2519 reportasset,
953 2461 1115 2516 Libyas
1155 2475 1260 2504 vero
1307 2460 1526 2516 tripodem
1573 2459 1870 2502 abscondisse.
1933 2459 2045 2501 Fere

353 2535 509 2576 similia
534 2537 684 2576 narrat
701 2534 969 2589 Lycophron
998 2535 1099 2584 (886
1113 2537 1242 2588 sqq),
1277 2532 1479 2574 Medeam
1514 2533 1687 2573 cratera
1717 2529 1887 2573 itineris
1919 2543 2044 2571 mon-

353 2605 477 2647 strati
522 2605 772 2647 mercedem
822 2603 992 2646 Tritoni
1037 2602 1229 2654 dedisse,
1276 2603 1408 2644 deum
1453 2615 1558 2644 vero
1612 2600 1902 2644 vaticinatum
1948 2613 2046 2642 esse

353 2676 546 2718 Graecos
578 2678 672 2717 tum
695 2675 836 2729 Libya
869 2674 1086 2730 potituros
1115 2686 1224 2725 esse,
1255 2687 1355 2714 cum
1377 2671 1540 2727 Libyes
1563 2670 1683 2712 illum
1707 2673 1922 2713 craterem
1944 2671 2045 2712 red-

353 2745 584 2798 didissent3
625 2745 843 2801 Asbystas
876 2759 996 2796 vero,
1036 2742 1295 2787 vaticinium
1327 2742 1549 2793 timentes,
1583 2741 1703 2782 illum
1737 2741 1922 2793 celasse3
1961 2740 2046 2782 nisi

354 2817 472 2871 quod
493 2817 590 2859 loca
611 2816 799 2859 fortasse
822 2815 968 2871 paullo
992 2814 1230 2857 incertiora
1252 2815 1356 2855 sunt
1379 2826 1511 2868 quam
1539 2825 1619 2867 par
1646 2814 1729 2853 est:
1759 2811 1899 2866 primo
1927 2810 2045 2853 enim

354 2886 537 2942 Cinyps,
561 2888 809 2943 Κινύφειος
828 2888 930 2942 ῥόος
949 2890 1005 2935 (v.
1021 2887 1137 2938 885),
1164 2886 1547 2934 commemoratur,
1573 2881 1646 2938 qui
1665 2895 1744 2937 per
1761 2881 1877 2923 illam
1900 2881 2044 2936 regio-

473 3040 498 3082 1)
526 3039 595 3072 Cir.
615 3049 734 3082 supra,
762 3050 793 3081 p.
813 3039 858 3073 98
869 3049 944 3081 sqq.
