2180 3482
352 222 406 262 ·26
989 219 1042 253 De
1069 218 1199 260 hymno
1225 219 1404 263 Apollinis

352 329 419 369 est
451 340 524 368 eas
558 339 611 367 ex
639 326 723 367 hoc
747 325 1001 367 Callimachi
1033 325 1143 376 loco,
1179 339 1309 380 quem
1343 324 1654 381 disceptamus,
1688 325 1871 368 fluxisse
1905 340 2037 380 quam

352 410 405 439 ex
430 396 512 438 alio
536 398 680 451 poeta,
716 395 789 451 qui
821 395 1009 438 fortasse
1034 394 1302 438 Callimacho
1337 395 1538 450 exemplo
1572 395 1666 437 fuit.
1722 395 2038 438 Callimachum

351 467 622 522 ἐπιμηλάόες
667 466 894 522 scripsisse
931 465 1036 507 mihi
1076 480 1335 522 persuasum
1376 468 1461 517 est,
1511 466 1629 521 quod
1665 465 1770 522 quid
1803 465 2037 520 significet,

352 550 406 579 ex
441 550 492 579 ea
536 550 646 579 voce
691 537 847 587 elucet,
895 551 1008 592 quae
1050 536 1093 578 in
1135 552 1173 579 v.
1205 539 1259 578 53
1299 536 1509 592 sequitur,
1549 540 1754 593 ὕπαρνοι.
1820 536 1945 587 Nam,
1990 539 2037 578 ut

350 623 421 650 vv.
447 610 502 649 53
535 622 598 663 sq.
633 610 757 663 optat
790 610 836 649 ut
870 621 976 650 oves
1008 621 1066 649 ne
1099 606 1192 649 sine
1225 607 1339 649 lacte
1371 620 1486 649 neve
1519 606 1784 650 infecundae
1817 606 1917 657 sint,
1961 607 2038 649 sed

351 692 452 719 suos
476 691 679 733 quaeque
701 677 818 720 fetus
840 677 1020 728 nutriat,
1054 678 1207 719 subter
1239 691 1286 719 se
1319 691 1343 719 e
1365 676 1566 718 mammis
1589 678 1836 732 pendentes
1861 676 2037 729 habeat,

350 748 411 790 ita
442 749 525 790 hoc
559 749 654 790 loco
689 751 839 804 sperat
871 748 1034 790 haedos
1068 747 1212 803 capris
1244 762 1333 790 non
1368 747 1609 799 defuturos,
1644 748 1718 790 sed
1754 762 1828 790 eas
1861 762 2039 804 quoque

350 820 627 875 ἐπιμηλάὸας
668 818 774 870 fore,
818 819 969 860 subter
1010 832 1055 860 se
1103 817 1341 860 habituras.
1412 818 1561 860 Potuit
1594 818 1786 860 scribere
1828 819 1929 861 οὐὸέ
1962 834 2039 861 κεν

350 893 471 945 αἶγες
503 891 702 932 &evomo
741 891 961 946 βρεφὲων,
1010 893 1149 932 πᾶσαι
1189 890 1237 931 ὁὲ
1274 891 1314 931 κ’
1347 891 1438 932 εἶεν
1478 890 1768 945 ἑπιμηλάόες;
1818 888 2039 931 contraxit

350 963 511 1013 autem,
545 963 594 1002 ut
626 959 843 1012 varietati,
877 962 925 1001 ut
943 960 1067 1011 solet,
1103 960 1364 1002 consuleret.
1397 960 1518 1014 μῆλα
1551 960 1605 1002 (10
1639 973 1869 1015 caprarum
1903 960 2039 1001 alum-

350 1030 418 1072 nis
444 1030 633 1073 fortasse
658 1044 709 1073 ea
741 1031 794 1073 de
828 1045 961 1072 causa
993 1029 1116 1082 dixit,
1151 1034 1197 1071 ut
1225 1030 1267 1071 in
1293 1030 1457 1072 scholio
1485 1029 1716 1081 indicatur,
1752 1029 1855 1085 quia
1877 1030 2038 1072 Home-

350 1116 423 1143 rus
447 1119 461 1144 ι
490 1104 570 1143 184
595 1102 715 1158 μῆλα
739 1101 926 1157 quodvis
949 1100 1121 1156 pecoris
1154 1115 1296 1155 genus
1329 1101 1593 1156 appellasset
1619 1100 1750 1155 (μῆλ’,
1786 1103 1873 1153 ὄιές
1900 1116 1945 1142 τε
1967 1103 2040 1143 καὶ

353 1176 490 1228 αἶγες)
524 1172 595 1215 vel
618 1172 737 1228 quod
759 1171 875 1214 idem
899 1171 1047 1215 ovium
1075 1174 1118 1214 et
1151 1186 1383 1227 caprarum
1417 1172 1618 1213 alumnos
1642 1174 1812 1227 ε”μβρυα
1837 1174 2039 1213 vocasset

351 1248 381 1293 (ι
404 1245 500 1284 245.
525 1245 622 1284 309.
648 1244 732 1284 342
765 1245 842 1285 ὑπ’
876 1245 1073 1298 ἔμβρυον
1109 1245 1213 1298 ἧκεν
1247 1244 1437 1299 ἑκάστῃ).
1502 1241 1649 1284 Facile
1683 1242 1797 1284 enim
1832 1241 1929 1284 fieri
1962 1256 2038 1297 po-

349 1313 446 1365 tuit,
480 1316 529 1355 ut
561 1312 837 1368 grammatici
860 1313 1135 1356 alexandrini
1157 1313 1259 1355 inde
1287 1313 1603 1355 concluderent
1628 1313 1870 1355 Homerum
1903 1313 2039 1354 alum-

349 1398 504 1426 norum
545 1387 712 1426 aetates
755 1398 844 1425 non
879 1383 1152 1426 discrevisse.
1190 1410 1240 1413 —-
1278 1383 1331 1427 53
1366 1387 1470 1436 οἴιες
1512 1382 1870 1439 quandoquidem
1905 1383 2039 1438 scrip-

351 1453 419 1506 sit,
455 1454 771 1497 Callimachum
795 1458 899 1496 ante
920 1454 1224 1496 Aristarchum
1247 1453 1426 1496 Homeri
1450 1471 1463 1496 ι
1485 1456 1570 1495 425
1596 1457 1778 1509 ἄρσενες
1801 1457 1905 1506 οἴιες
1927 1457 2040 1509 ἦσαν

352 1527 585 1582 ἐυτρεφέες
626 1526 905 1579 δασύμαλλοι
936 1524 1097 1580 legisse
1129 1524 1384 1566 iamdudum
1430 1528 1713 1579 perspectum
1758 1527 1842 1574 est;
1891 1528 2039 1580 atque,

354 1597 484 1652 quod,
520 1611 619 1639 cum
647 1598 757 1639 haec
781 1596 1007 1648 scriberet,
1041 1596 1157 1638 illam
1181 1597 1235 1638 de
1259 1595 1467 1651 Cyclopis
1499 1595 1709 1650 gregibus
1741 1595 2039 1638 narrationem

349 1670 453 1710 ante
500 1668 650 1709 oculos
696 1667 863 1719 113111111,
911 1667 1061 1710 1105010
1107 1682 1163 1709 311
1205 1666 1328 1710 vocis
1373 1668 1644 1723 ἐπιμηλάὸες
1685 1666 2040 1722 interpretationi

348 1742 527 1780 nostrae
552 1738 714 1781 faveat.
750 1763 802 1767 —
839 1738 891 1783 53
926 1740 1096 1791 ἅκυθος
1128 1737 1543 1794 lexicographorum
1576 1737 1840 1780 testimoniis
1873 1737 2038 1779 stabili-

349 1812 438 1861 tur;
474 1809 591 1864 quod
619 1808 735 1851 enim
758 1809 1010 1864 Hesychius
1034 1810 1146 1850 2702
1171 1811 1341 1862 ᾶκυτος·
1377 1812 1535 1861 ἄτοκος
1569 1812 1770 1865 στερίφη,
1804 1808 1909 1850 item
1931 1808 2039 1863 Ety-

350 1878 614 1934 mologicum
631 1880 841 1934 Magnum
858 1882 925 1931 54,
941 1882 995 1921 53
1013 1883 1174 1931 ἄκυτος
1189 1879 1418 1935 praebent,
1438 1893 1547 1922 cave
1565 1879 1668 1921 inde
1686 1879 1866 1933 colligas
1884 1892 2040 1921 vocem

349 1949 478 1991 huius
516 1950 685 1992 formae
723 1965 920 2006 unquam
958 1949 1107 1992 fuisse.
1172 1950 1283 1992 Nam
1326 1950 1469 2005 ipsum
1504 1950 1861 2005 Etymologicum
1895 1952 1936 1992 et
1971 1952 2039 2001 55,

355 2022 404 2062 12
428 2021 620 2075 glossam
643 2023 826 2074 ἄκυθος·
862 2025 888 2076 ἡ
915 2023 1078 2076 ἄγονος
1105 2024 1153 2062 111
1186 2021 1389 2077 exemplo
1424 2021 1607 2072 muniat,
1642 2021 1761 2063 1111110
1785 2020 2041 2063 Callimachi

350 2092 498 2134 locum
532 2092 716 2147 praebet
749 2106 801 2134 ea
831 2091 974 2133 forma
1007 2106 1138 2147 quam
1182 2091 1314 2134 etiam
1356 2106 1476 2134 nunc
1516 2091 1560 2133 in
1595 2091 1820 2133 codicibus
1852 2090 2041 2146 legimus

351 2165 392 2204 et
427 2165 495 2214 54,
531 2165 585 2204 53
619 2162 935 2205 Callimachum
978 2176 1111 2204 unam
1155 2162 1346 2204 litteram
1385 2165 1580 2204 mutasse
1619 2162 1677 2204 ait
1721 2165 1764 2204 et
1805 2161 2040 2217 utrobique

350 2233 465 2275 illam
489 2247 658 2284 vocem,
693 2233 786 2276 sive
809 2235 981 2286 ἄκυθος
1010 2232 1103 2276 sive
1130 2236 1291 2286 ἄκυτος
1313 2232 1408 2284 fuit,
1444 2247 1543 2275 cum
1576 2236 1668 2276 κύω
1692 2236 1822 2285 κυτός
1857 2231 2039 2274 coniun-

350 2303 426 2358 git.
505 2304 621 2346 Hinc
673 2307 859 2360 apparet
910 2304 1013 2345 illud
1067 2307 1226 2357 ἄκυτος
1274 2303 1489 2359 veriloqui
1536 2303 1680 2358 gratia
1725 2303 1879 2345 fictum
1929 2317 2038 2345 esse.

350 2375 599 2417 Methodius
623 2375 708 2428 (Et.
733 2375 788 2416 M.
814 2378 882 2427 55,
912 2377 978 2426 18)
1004 2376 1180 2418 ἄκυθον
1206 2374 1424 2426 „seminis
1453 2374 1565 2416 illius
1587 2374 1649 2416 rei
1674 2388 1788 2430 quae
1813 2376 1879 2416 est
1901 2375 2041 2427 κύθος

351 2450 536 2501 expers“
574 2445 836 2502 explicabat.
895 2447 1068 2499 ἄκυθος
1100 2445 1144 2487 111
1177 2445 1486 2500 Etymologico
1521 2445 1726 2488 Genuino
1761 2444 1958 2495 affertur,
1992 2446 2041 2485 ut

350 2517 398 2558 E.
424 2516 474 2561 A.
499 2517 553 2559 de
587 2516 758 2559 Stefani
789 2519 979 2558 testatur
1011 2517 1066 2559 ad
1100 2515 1288 2559 Gudiani
1322 2531 1362 2571 p.
1393 2518 1460 2569 78,
1491 2519 1524 2558 1.
1560 2515 1685 2568 Quae
1717 2516 1786 2557 Et.
1810 2516 1866 2557 M.
1892 2517 1960 2567 54,
1985 2517 2041 2556 54

352 2587 405 2629 de
440 2587 695 2629 Callimachi
729 2601 875 2629 errore
908 2587 953 2628 in
992 2587 1120 2629 huius
1159 2586 1363 2630 vocabuli
1401 2602 1484 2628 usu
1524 2587 1714 2629 admisso
1748 2586 2038 2637 disseruntur,

351 2672 441 2700 non
474 2657 696 2713 intellego,
739 2657 823 2699 nisi
855 2657 1043 2701 fortasse
1083 2659 1212 2714 ὁηλοῖ
1243 2660 1326 2714 γὰρ
1360 2662 1385 2713 ἡ
1418 2658 1536 2711 λέξις
1569 2659 1853 2713 ἐνεργητικὸν
1886 2673 2039 2711 σημαι-

352 2731 546 2782 νόμενον
586 2731 663 2782 τὰς
699 2732 761 2785 μὴ
800 2733 991 2781 κυούσας
1030 2731 1144 2782 (ταῖς
1181 2732 1241 2784 μὴ
1282 2732 1490 2782 κυούσαις
1528 2728 1754 2779 traditum)
1801 2727 1862 2769 ita
1905 2726 2039 2768 inter-

352 2800 616 2855 pretandum
659 2802 738 2849 est,
783 2799 908 2855 quasi
945 2800 1238 2854 Etymologus
1281 2799 1523 2841 contendat
1571 2798 1677 2840 illud
1718 2798 1983 2841 vocabulum
2016 2812 2041 2839 a

353 2870 620 2912 Callimacho
649 2869 976 2925 significatione
1009 2870 1155 2913 activa
1186 2869 1379 2926 positum
1412 2883 1521 2920 esse,
1558 2883 1827 2924 quamquam
1860 2867 2038 2910 adiecti-

352 2955 457 2983 vum
490 2941 667 2984 verbale
705 2941 751 2982 in
783 2944 877 2993 -τός
910 2941 1063 2983 exiens
1102 2955 1191 2983 una
1223 2939 1549 2995 significatione
1583 2939 1760 2995 passiva
1793 2938 2040 2994 praeditum

354 3014 481 3053 esset.
517 3037 569 3040 —
607 3012 658 3055 53
694 3016 897 3068 ὕπαρνος
930 3012 1047 3066 apud
1072 3011 1327 3067 Euripidem
1360 3010 1521 3066 legitur
1546 3010 1755 3052 Androm.
1781 3012 1864 3051 577
1897 3013 2039 3065 ὕπαρ-
