2180 3482
350 242 405 282 52
995 236 1048 271 De
1073 235 1205 280 hymno
1231 235 1410 280 Apollinis

349 348 423 389 καὶ
473 346 656 388 ἐδέθλια
702 345 881 397 Νυκτός
923 343 1000 397 (IV
1034 345 1136 395 630)
1188 357 1288 385 cum
1337 342 1563 394 scriberet,
1611 340 1766 384 Noctis
1813 342 1940 384 sedes
1981 341 2046 384 in-

349 417 550 459 tellectas
598 414 756 467 voluitg
803 415 1072 470 Lycophron
1117 429 1157 457 v.
1192 416 1278 456 800
1325 417 1350 456 ὅ
1389 412 1423 455 τ’
1459 416 1569 456 αἰπὺ
1612 417 1757 455 ναίων
1802 413 2048 468 Τραμπύας

350 487 558 528 ἐδέθλιον
604 484 742 527 voluit
791 485 1037 541 Τραμπύας
1085 487 1207 526 ἄστυ.
1271 483 1551 526 Vocabulum
1593 483 1711 538 quod
1753 485 1820 525 est
1856 483 2048 526 ἔδεθλον

352 557 553 611 ἕδρασμα
593 554 870 610 significasse
916 557 1106 597 testatur
1146 553 1322 607 Suidas3
1367 557 1424 606 at,
1464 556 1511 595 ut
1555 554 1704 595 sedem
1747 553 2047 608 designarent,

350 626 421 669 illo
464 625 589 668 multi
630 628 790 682 poetae
831 624 899 666 usi
941 628 1062 677 sunt3
1104 627 1153 666 ut
1190 624 1439 679 Aeschylus
1477 624 1809 679 Agan1.v.776
1849 624 1903 666 de
1942 624 2048 681 Δίκᾳ

352 711 452 739 cum
486 696 591 739 dicit
623 699 675 739 τὰ
698 699 990 753 χρυσόπαστα
1023 695 1059 737 δ’
1090 696 1255 738 ἔδεθλα
1289 697 1370 737 σὺν
1402 698 1522 749 πίνῳ
1555 700 1703 750 χερῶν
1731 728 1738 736 .
1766 728 1773 736 .
1800 728 1807 736 .
1835 696 2046 747 λιποῦσα,

350 781 506 823 regum
539 768 696 809 domus
728 766 907 818 indicat,
942 765 1089 821 potius
1121 764 1256 820 igitur
1294 765 1422 807 sedes
1461 779 1595 820 quam
1632 764 1937 807 fundamenta.
2003 764 2049 807 Si

353 838 450 894 quis
489 852 595 881 vero
636 838 690 880 de
729 838 813 880 hoc
851 837 947 878 loco
981 835 1191 891 ambigat,
1225 838 1403 891 praesto
1438 838 1503 877 est
1536 835 1643 876 illud
1674 834 1929 877 Antimachi
1961 837 2047 891 (ap.

353 909 481 951 Paus.
507 909 611 951 VIII
645 911 713 960 25,
732 911 761 949 4
794 929 846 943 z
880 907 931 949 fr.
957 909 1013 949 28
1045 906 1132 961 Ki.)
1166 907 1395 962 Δήμητρος
1418 907 1521 949 τόθι
1545 908 1681 962 φασὶν
1704 905 1910 962 Ἐρινύος
1933 909 2050 949 εἶναι

354 981 558 1031 ἔδεθλον,
609 979 714 1021 item
763 978 868 1020 illud
915 977 1258 1034 Apollonianum
1304 977 1365 1019 IV
1406 978 1491 1018 329
1518 991 1614 1032 sqq.
1665 978 1713 1019 ἐκ
1754 976 1790 1019 δ’
1826 978 2051 1033 ἐπέρησαν

353 1051 476 1103 δοιὰς
509 1051 767 1105 Ἀρτέμιδος
795 1050 1053 1105 Βρυγηίδας
1087 1049 1249 1104 ἀγχόθι
1281 1051 1463 1103 νήσους·
1497 1053 1588 1090 τῶν
1621 1046 1657 1089 δ’
1682 1050 1779 1102 ἤτοι
1806 1049 1933 1104 ἑτέρῃ
1966 1049 2051 1102 μὲν

353 1123 404 1164 ἐν
446 1123 568 1177 ἱερὸν
614 1123 745 1163 ἔσκεν
789 1120 993 1162 ἔδεθλον.
1060 1119 1171 1161 Nam
1211 1119 1380 1174 templa
1421 1117 1639 1173 siquidem
1689 1117 1855 1169 dicunt,
1904 1117 2051 1174 potius

354 1192 505 1234 sedem
537 1191 608 1234 vel
642 1205 811 1233 sacram
853 1190 1003 1232 sedem
1043 1204 1175 1245 quam
1216 1188 1509 1231 fundamenta
1546 1188 1591 1230 in
1629 1189 1745 1230 hanc
1784 1187 2051 1231 sententiam

353 1265 583 1318 usurpant.
656 1262 706 1303 Id
754 1262 873 1317 quod
920 1260 1086 1316 pariter
1133 1260 1179 1302 in
1225 1259 1331 1301 illud
1372 1259 1682 1315 Lycophronis
1730 1261 1789 1311 (v.
1824 1261 1910 1301 984
1934 1260 2050 1315 sqq.)

355 1332 473 1375 cadit
509 1335 645 1376 πόλιν
678 1332 713 1374 δ’
741 1336 902 1386 ὁμοίαν
934 1333 1056 1387 Ἰλίῳ
1096 1332 1389 1384 δυσδαίμονες
1422 1332 1654 1384 δείμαντες
1687 1331 1928 1385 ἀλγυνοῦσι
1960 1330 2051 1372 Λα-

356 1407 493 1460 φρίαν
552 1405 692 1459 κόρην
739 1403 976 1458 Σάλπιγγα
1024 1403 1282 1458 δῃώσαντες
1330 1403 1380 1443 ἐν
1426 1407 1524 1457 ναῷ
1572 1402 1686 1454 θεᾶς
1731 1404 1835 1453 τοὺς
1881 1400 2049 1457 πρόσθ’

355 1476 546 1518 ἔδεθλον
585 1475 814 1527 Ξουθίδας
853 1475 1094 1529 ᾠκηκότας.
1160 1471 1285 1524 Quae
1330 1485 1464 1514 voces
1505 1471 1581 1527 qui
1618 1471 1818 1527 intellegi
1856 1471 2052 1527 poterint

353 1545 438 1588 nisi
486 1545 692 1597 „Ionibus
730 1543 920 1595 necatis,
971 1543 1046 1599 qui
1086 1543 1204 1585 illam
1245 1542 1401 1585 urbem
1439 1545 1679 1598 usquetum
1717 1542 2051 1585 habitassent⁶“?

356 1616 614 1672 Comparari
636 1618 784 1672 potest
817 1629 905 1657 vox
939 1615 992 1656 de
1028 1614 1182 1656 eadem
1214 1613 1363 1656 radice
1398 1614 1589 1656 deducta
1622 1615 1733 1668 ἕδος,
1768 1628 1855 1669 qua
1888 1613 2053 1669 pariter

356 1690 400 1730 et
446 1686 785 1728 fundamentum
835 1685 929 1738 (cfr.
960 1684 1143 1727 Hesiodi
1193 1685 1359 1740 Theog.
1399 1700 1437 1727 v.
1479 1686 1559 1726 117
1608 1683 1711 1726 Γαῖ’
1746 1687 2051 1740 εὐρύστερνος,

355 1760 544 1801 πάντων
577 1758 676 1810 ἕδος
710 1758 907 1812 ἀσφαλὲς
939 1758 1049 1809 αἰεί)
1085 1759 1126 1798 et
1162 1756 1289 1798 sedes
1324 1754 1417 1809 (cfr.
1442 1756 1693 1809 ”Ολυμπον,
1721 1754 1777 1797 ἵν’
1803 1756 2053 1798 ἀθανάτων

356 1830 453 1881 ἕδος
486 1830 608 1871 ἐστίν
641 1829 683 1870 Ε
712 1830 816 1880 360,
862 1826 989 1868 multi
1027 1826 1099 1868 alii
1136 1825 1251 1877 loci).
1315 1826 1465 1882 Atque
1504 1825 1539 1867 si
1576 1828 1698 1869 recte
1736 1826 1933 1869 ἔδεθλον
1960 1827 2053 1869 ἑδέ-

355 1900 490 1942 θλιον
537 1898 692 1954 spiritu
739 1897 828 1940 leni
868 1897 1134 1949 scribuntur,
1180 1897 1274 1939 illas
1317 1911 1450 1939 voces
1492 1899 1626 1952 poeta
1659 1896 1810 1952 epicus
1844 1895 2053 1952 antiquus

355 1969 598 2025 usurpavit.
625 1995 678 1999 —
705 1968 757 2012 73
782 1972 894 2011 ἄστυ
911 1970 1137 2025 Κυρήνης,
1173 1968 1291 2023 quod
1314 1967 1398 2009 fuit
1421 1967 1496 2023 qui
1518 1967 1563 2009 in
1596 1966 1893 2022 suspicionem
1925 1980 2054 2010 revo-

356 2044 490 2092 caret,
534 2039 752 2096 praeierat
791 2039 1006 2081 Pindarus
1044 2039 1174 2093 Pyth.
1213 2038 1274 2080 IV
1306 2040 1391 2080 260
1440 2041 1549 2081 ἄστυ
1597 2039 1913 2094 χρυσοθρόνον
1961 2039 2052 2081 δια-

355 2114 509 2165 νέμειν
540 2113 671 2154 θεῖον
703 2113 932 2167 Κυράνας.
997 2109 1081 2151 Hic
1118 2108 1232 2150 illius
1265 2108 1470 2151 vocabuli
1504 2108 1674 2164 syllaba
1705 2108 1847 2164 prima
1879 2122 2054 2165 semper

354 2181 480 2225 brevi
511 2196 617 2223 usus
651 2184 730 2233 est,
770 2181 876 2223 item
909 2180 1130 2223 Hesiodus
1162 2180 1383 2222 Eoearum
1416 2179 1465 2221 fr.
1496 2181 1589 2231 149,
1619 2182 1653 2231 1,
1687 2193 1835 2235 neque
1869 2193 1921 2222 ea
1952 2194 2051 2235 pro-

356 2252 530 2295 ducitur
562 2251 645 2294 nisi
686 2251 731 2293 in
772 2265 928 2294 versus
960 2250 1084 2293 heroi
1126 2250 1225 2302 arsi,
1259 2253 1309 2292 ut
1341 2250 1396 2292 ab
1430 2250 1587 2292 eodem
1621 2249 1890 2292 Callimacho
1923 2250 1964 2292 h.
1990 2250 2053 2292 III

355 2339 396 2366 v.
422 2325 506 2364 206
540 2326 674 2378 atque
707 2325 839 2364 antea
878 2322 932 2363 ab
965 2320 1209 2377 Hermippo
1244 2323 1329 2376 (ap.
1363 2320 1524 2362 Athen.
1559 2320 1578 2361 Ι
1611 2322 1713 2371 270,
1747 2335 1788 2363 v.
1811 2322 1856 2374 4)
1890 2321 1938 2362 ἐκ
1968 2322 2053 2374 μὲν

354 2394 572 2449 Κυρήνης
610 2395 780 2436 καυλὸν
818 2396 892 2434 καὶ
932 2393 1072 2448 δέρμα
1110 2393 1293 2448 βόειον),
1333 2394 1489 2447 postea
1523 2391 1577 2433 ab
1615 2390 1850 2446 Apollonio
1889 2391 1929 2432 Π
1967 2393 2051 2433 502

357 2465 566 2519 (Κυρήνη
607 2465 808 2518 πέφαταί
848 2480 911 2516 τις
954 2465 1052 2515 ἕλος
1095 2465 1218 2518 πάρα
1260 2463 1510 2518 Πηνειοῖο),
1558 2460 1776 2516 Dionysio
1818 2461 2054 2517 Periegeta

356 2536 415 2587 (v.
440 2536 524 2576 213
552 2536 741 2590 Κυρήνη
764 2533 799 2576 τ’
825 2536 1027 2586 εὔιππος,
1054 2532 1319 2586 Ἀμυκλαῖον
1342 2534 1470 2587 γένος
1494 2533 1676 2588 ἀνδρῶν
1692 2532 1740 2585 ¹),
1769 2531 1875 2574 item
1898 2531 1944 2573 in
1967 2532 2053 2574 arsi

354 2604 542 2647 trimetri
583 2603 772 2656 iambici,
814 2607 863 2645 ut
906 2603 1082 2659 scripsit
1122 2602 1443 2658 Aristophanes
1486 2602 1752 2658 Thesmoph.
1794 2617 1835 2645 v.
1866 2604 1922 2644 98
1964 2604 2052 2658 ἐγὼ

355 2678 438 2731 γὰρ
473 2679 551 2729 οὐχ
585 2679 673 2731 ὁρῶ
708 2674 833 2730 ἄνδρ’
870 2674 1014 2717 οὐδέν’
1049 2673 1206 2717 ἐνθάδ’
1243 2676 1363 2724 ὄντα,
1396 2674 1618 2729 Κυρήνην
1651 2672 1688 2715 δ’
1714 2675 1822 2729 ὁρῶ;
1857 2672 2051 2715 nobilem

356 2746 460 2788 dicit
501 2745 778 2788 meretricem
792 2745 836 2799 ²).
901 2745 1078 2787 Vocalis
1110 2744 1244 2799 igitur
1283 2757 1397 2799 quae
1436 2746 1503 2785 est
1541 2760 1568 2786 v
1605 2757 1740 2798 saepe
1778 2742 2049 2798 producitur,

477 2863 502 2908 ¹)
529 2865 691 2905 εὔιππος
717 2863 762 2897 ab
789 2863 912 2897 eodem
937 2863 1088 2896 Pindari
1113 2862 1191 2896 loco
1222 2860 1330 2904 Pyth.
1350 2861 1402 2896 IV
1422 2861 1443 2894 2
1481 2861 1648 2894 εὐίππου
1675 2859 1843 2903 βασιλῆα
1869 2860 2052 2905 Κυράνας

355 2922 586 2965 deprompsit,
614 2934 635 2955 a
661 2933 728 2964 quo
757 2921 998 2956 Callimachus
1027 2921 1081 2965 (fr.
1103 2920 1183 2964 112)
1210 2919 1300 2954 illud
1325 2920 1448 2964 μήτηρ
1474 2920 1641 2952 εὐίππου
1659 2919 1836 2963 πατρίδος
1855 2920 2048 2964 ἡμετέρης.

472 2981 499 3025 ²)
527 2981 625 3014 Nihil
660 2984 787 3015 contra
825 2980 933 3014 alteri
968 2979 1224 3022 Aristophanis
1259 2978 1336 3012 loco
1372 2977 1477 3021 (Ran.
1509 2988 1541 3011 v.
1573 2977 1662 3011 13:25
1684 2977 1774 3020 sqq.)
1810 2977 1950 3020 tribuo,
1988 2976 2050 3011 ubi

355 3039 554 3081 Aeschylus
580 3039 732 3083 fingitur
750 3039 934 3081 Euripidis
960 3048 1127 3072 numeros
1154 3038 1377 3072 canticorum
1403 3036 1519 3070 ridere
1547 3037 1689 3070 τοιαυτὶ
1715 3038 1845 3080 μέντοι
1866 3039 1912 3070 σῦ
1930 3040 2052 3070 ποιῶν
