2180 3482
343 210 398 250 82
984 202 1037 236 De
1062 201 1193 245 hymno
1219 200 1398 244 Apollinis

344 316 562 363 cerentur,
598 325 752 354 verum
784 309 828 350 in
862 307 1099 363 opusculis,
1135 307 1294 363 quibus
1326 306 1440 347 illius
1474 305 1543 348 dei
1570 303 1736 347 mentio
1760 306 1934 345 tantum
1959 302 2039 344 ini-

345 388 533 434 ceretur,
569 383 922 423 consentaneum
956 381 1022 421 est
1056 378 1176 420 illum
1210 376 1449 420 credidisse
1483 375 1687 417 omnibus
1728 374 1802 430 qui
1839 374 2042 429 legerent

343 454 537 495 Momum
568 454 722 493 notum
756 463 866 501 esse,
901 449 1069 491 scilicet
1102 463 1198 490 eam
1231 447 1438 489 fabellam
1467 446 1540 488 illa
1562 448 1708 488 aetate
1731 445 2041 500 pervulgatam

344 523 481 564 fuisse
498 523 537 573 ¹).
586 521 801 562 Aristides
836 522 921 572 (49,
957 522 1036 560 136
1067 540 1119 554 z
1150 519 1189 560 II
1218 520 1311 569 184,
1348 520 1506 572 18sqq.
1531 517 1602 571 K.)
1638 530 1737 558 cum
1770 515 1965 556 Moniuni
1997 514 2042 555 in

345 598 601 635 transcursu
643 594 812 642 narret,
853 589 1019 633 Veneri
1057 604 1158 631 cum
1201 588 1309 630 nihil
1348 588 1465 630 aliud
1504 587 1680 629 obicere
1720 589 1884 641 posset,
1928 585 2042 627 illius

346 665 649 706 calceamenta
697 661 988 716 vituperasse,
1045 660 1235 702 alienam
1280 658 1486 700 fabellam
1533 658 1810 712 eandemque
1854 655 2043 698 fortasse

346 734 510 791 pariter
543 732 768 788 aesopiam
802 731 1051 787 exprimere
1084 730 1272 773 videtur.

464 805 668 846 Phthono
703 805 858 845 contra
890 815 1038 857 neque
1070 800 1115 842 in
1148 799 1309 842 fabulis
1342 800 1396 841 de
1424 798 1489 840 dis
1516 812 1663 854 neque
1687 797 1731 839 in
1754 796 1925 839 fabellis
1949 796 2043 839 vul-

346 875 524 930 garibus
559 877 679 916 certa
712 874 839 916 sedes
871 872 967 914 fuit.
1032 871 1145 913 Nam
1178 870 1452 914 vascularius
1492 869 1567 925 qui
1598 867 1809 923 Meleagri
1849 867 2044 909 fabulam

347 945 568 1001 depinxit,
618 945 748 986 Arch.
783 943 891 986 Zeit.
926 942 1059 984 XXV
1103 942 1192 984 tab.
1228 943 1326 993 220,
1376 940 1566 996 figurae,
1617 953 1731 995 quae
1772 938 1859 980 iam
1901 937 2044 993 periit,

349 1018 532 1060 Φθόνον
564 1015 727 1057 idcirco
755 1018 929 1056 tantum
952 1012 1190 1068 inscripsit,
1224 1015 1273 1054 ut
1299 1011 1515 1054 indicaret
1537 1010 1809 1065 Meleagrum
1832 1009 2047 1050 Althaeae

348 1087 515 1130 invidia
559 1085 786 1137 occidisse,
836 1085 991 1127 eodem
1036 1083 1131 1126 iure
1170 1097 1275 1124 usus
1315 1096 1402 1138 quo
1442 1081 1688 1137 Euripides,
1729 1094 1829 1122 cum
1869 1079 2044 1133 (Troad.

351 1160 433 1199 766
451 1158 565 1213 sqq.)
593 1157 810 1199 Helenam
834 1155 999 1197 diceret
1023 1168 1113 1195 non
1137 1168 1225 1195 uno
1254 1156 1380 1209 patre
1408 1153 1485 1195 sed
1513 1151 1812 1207 compluribus
1835 1149 2046 1205 genitam,

349 1228 608 1283 Ἀλάστορος
648 1228 732 1280 μὲν
777 1229 973 1281 πρώτου,
1020 1228 1113 1267 εἶτα
1162 1226 1209 1266 ὁὲ
1250 1225 1435 1266 Φθόνου
1469 1223 1616 1265 Φόνου
1659 1238 1705 1264 τε
1750 1222 1954 1264 Θανάτου
1998 1219 2044 1262 θ’

353 1302 438 1341 ὅσα
471 1313 517 1340 τε
550 1303 605 1353 γῆ
630 1299 779 1353 τρέφει
813 1299 946 1339 κακά;
983 1298 1181 1337 extrema
1215 1294 1457 1336 ostendunt
1490 1293 1622 1335 etiam
1655 1291 1801 1348 priora
1834 1290 1909 1334 vix
1943 1291 2048 1333 deos

352 1368 655 1423 intellegenda
694 1381 802 1409 esse.
869 1367 986 1408 Sane
1026 1366 1183 1407 Pollux
1227 1365 1304 1417 (IV
1343 1366 1440 1418 142)
1484 1364 1738 1405 Phthonum
1779 1361 1824 1403 in
1862 1375 2047 1403 numero

353 1446 444 1482 τῶν
486 1441 712 1481 ἐκσκεύων
750 1440 1015 1493 προσώπων
1054 1435 1322 1478 comicorum
1362 1434 1540 1490 quidem
1579 1435 1797 1484 recenset,
1839 1432 1917 1474 sed
1956 1431 2050 1487 pari

352 1511 446 1553 iure
468 1513 545 1552 τὸν
569 1511 743 1552 δίκαιον
767 1512 808 1551 et
838 1509 917 1550 τὸν
951 1508 1107 1550 ἄδικον
1140 1507 1276 1561 λόγον
1309 1505 1354 1546 in
1388 1505 1603 1555 Nubibus,
1638 1502 1733 1560 pari
1764 1506 1846 1559 τὴν
1869 1504 2047 1545 Πενίαν

352 1581 396 1622 in
426 1581 555 1622 Pluto
578 1578 887 1635 Aristophanis
915 1579 1021 1621 deos
1044 1577 1288 1621 vocaveris.
1336 1576 1604 1618 Philoctetes
1631 1588 1736 1618 vero
1771 1573 2048 1629 sophocleus,

353 1667 452 1694 cum
479 1650 817 1706 Neoptolemum
853 1663 957 1691 arcu
990 1647 1151 1690 tradito
1186 1647 1336 1690 iubeat
1370 1648 1429 1701 (v.
1456 1649 1556 1700 776)
1590 1647 1669 1688 τὸν
1703 1646 1884 1701 φθόνον
1916 1659 2050 1700 προσ-

352 1729 557 1778 κυνῆσαι,
604 1736 695 1763 non
743 1723 912 1762 certum
960 1719 1182 1775 quendam
1228 1718 1359 1760 deum
1405 1716 1511 1759 dicit
1553 1716 1630 1759 sed
1673 1717 1752 1758 τὸν
1794 1720 1885 1757 τῶν
1925 1716 2051 1757 θεῶν

352 1795 547 1849 φθόνον.
612 1792 874 1833 Plutarchus
909 1790 1041 1833 etiam
1080 1788 1247 1830 indicat
1286 1802 1332 1830 se
1371 1788 1540 1829 nullum
1580 1787 1710 1829 deum
1747 1786 1935 1828 Φθόνον
1973 1799 2051 1826 no-

355 1864 490 1906 visse:
527 1862 706 1905 Periclis
741 1861 856 1904 enim
885 1861 1003 1904 vitae
1037 1874 1132 1915 cap.
1162 1863 1213 1901 13
1247 1858 1439 1901 comicos
1463 1858 1687 1913 vituperat
1710 1862 1806 1909 ταῖς
1828 1858 1939 1898 κατὰ
1961 1861 2053 1898 τῶν

354 1937 622 1990 κρειττόνων
654 1934 970 1989 βλασφημίαις,
1007 1934 1155 1987 ὥσπερ
1189 1932 1368 1984 ὁαίμονι
1397 1935 1521 1984 κακῷ
1547 1934 1608 1984 τῷ
1640 1928 1804 1984 φθόνῳ
1827 1931 1919 1969 τῶν
1941 1927 2050 1969 πολ-

352 2007 447 2048 λῶν
481 2005 791 2056 ἀποθύονταςς
825 2002 910 2044 nisi
935 2006 1083 2058 ὥσπερ
1111 2000 1365 2051 addidisset,
1398 1999 1587 2041 fortasse
1618 1998 1785 2049 liceret,
1820 1997 1855 2039 si
1886 1997 2052 2048 liceret,

357 2074 560 2117 conicere
592 2074 711 2115 illuni
747 2073 1008 2115 daemonem
1033 2073 1213 2127 φθόνον
1236 2084 1387 2122 nosse3
1423 2084 1523 2112 cum
1556 2083 1661 2112 vero
1696 2067 1933 2123 scripserit,
1967 2067 2053 2108 iam

353 2160 443 2187 non
461 2145 576 2187 licet.
614 2144 744 2195 Sane,
765 2143 799 2184 si
824 2142 1027 2198 scriptori
1051 2141 1261 2184 orationis
1285 2138 1818 2196 pseudodemosthenicae
1841 2138 2054 2181 adversus

356 2214 660 2269 Aristogitona
692 2214 842 2267 (XXV
871 2215 944 2267 52)
978 2212 1210 2263 credimus,
1246 2211 1457 2253 sollemne
1491 2213 1585 2252 erat
1611 2209 1656 2250 in
1679 2208 1862 2265 picturis
1887 2211 2052 2250 certam

355 2287 505 2328 sedem
548 2285 592 2326 in
634 2285 747 2327 Orco
789 2285 993 2325 Phthono
1040 2282 1173 2324 tribui
1210 2284 1322 2336 μετὰ
1361 2283 1485 2338 Ἀρᾶς
1530 2283 1603 2323 καὶ
1641 2281 1939 2336 Βλασφημίας
1980 2281 2054 2322 καὶ

356 2358 565 2407 Στάσεως
607 2359 681 2397 καὶ
723 2356 929 2407 Νείκους.
993 2353 1063 2395 An
1107 2352 1325 2395 credimus
1367 2354 1675 2408 Βλασφημίαν
1718 2353 1884 2392 certain
1926 2350 2054 2392 deam

362 2427 598 2482 aliquando
633 2425 797 2467 fuisse?
832 2439 887 2467 an
920 2427 1095 2466 tantum
1117 2429 1178 2480 τῷ
1204 2426 1420 2479 ῥητορικῷ
1444 2424 1585 2464 πάθει
1613 2420 1798 2463 oratoris
1820 2419 1956 2462 Attici
1978 2420 2053 2461 tri-

356 2497 543 2548 buimus,
557 2496 631 2552 qui
644 2497 799 2538 eodem
816 2496 912 2537 loco
932 2494 1234 2538 adversarium
1254 2507 1353 2535 cum
1372 2495 1581 2548 serpente
1593 2492 1664 2535 vel
1683 2505 1783 2533 cum
1802 2490 2052 2546 scorpione,

358 2567 430 2623 qui
474 2567 626 2609 aculeo
670 2566 841 2608 sublato
883 2566 928 2607 in
962 2566 1147 2608 vulnera
1186 2566 1304 2615 ruat,
1349 2565 1594 2618 comparat,
1646 2561 1721 2617 qui
1763 2561 1917 2604 eodem
1956 2561 2053 2603 loco

358 2653 458 2681 eum
497 2641 737 2680 ἄσπειστον
783 2638 1022 2691 ἀνίὸρυτον
1070 2639 1280 2689 ἄμεικτον
1328 2633 1486 2688 fingit?
1565 2633 1666 2688 Ipse
1712 2631 1910 2673 similiter
1953 2633 2055 2684 τοὺς

358 2711 407 2751 ἐν
443 2710 600 2753 “Attiou
648 2709 782 2759 «θεοὺς
828 2707 887 2748 ita
932 2704 1285 2761 repraesentavit
1330 2707 1377 2745 ut
1424 2703 1463 2745 ei
1507 2703 1685 2744 libebat.
1757 2701 2054 2744 Concedimus

359 2778 550 2833 pictores
580 2777 711 2820 etiam
734 2777 805 2818 illa
836 2780 983 2819 aetate
1008 2776 1261 2817 Phthonum
1294 2774 1339 2815 in
1372 2773 1596 2828 improbos
1630 2772 1700 2815 vel
1736 2775 1834 2827 post
1866 2774 2054 2813 mortem

479 2885 503 2927 ¹)
530 2885 665 2918 Parum
690 2884 854 2922 interest,
887 2886 1010 2916 utrum
1036 2882 1219 2915 Lucianus
1251 2882 1327 2923 ipse
1346 2879 1463 2913 Momo
1489 2881 1633 2912 tantum
1661 2878 1889 2919 concesserit,
1917 2887 1963 2910 an
1982 2878 2054 2910 iam

359 2942 550 2984 Menippus
575 2942 640 2975 hoc
666 2941 803 2984 fecerit,
830 2941 887 2975 hic
912 2951 996 2975 vero
1023 2952 1044 2974 a
1071 2941 1231 2974 Luciano
1258 2947 1447 2981 expressus
1473 2939 1531 2979 sit,
1559 2940 1601 2970 ut
1627 2936 1876 2970 demonstrare
1903 2938 2054 2969 conatus

361 3004 416 3034 est
442 3000 651 3042 Rudolphus
678 3000 782 3033 Helm
810 2999 967 3043 (Lukian
994 3010 1026 3032 u.
1055 2999 1201 3041 Menipp
1231 2997 1321 3041 148).
