2180 3482
732 246 786 279 De
812 246 1034 288 Cyrenarum
1060 246 1260 289 originibus
1759 247 1839 287 105

152 351 288 393 filiam
330 351 374 392 in
416 364 536 393 mare
578 353 811 405 mergeret.
882 350 1008 392 Illum
1051 364 1170 402 vero,
1213 365 1269 394 ne
1309 351 1609 393 iusiurandum
1654 350 1840 394 violaret

151 435 268 464 neve
301 424 451 463 tamen
483 420 704 476 piaculum
729 420 1037 472 committeret,
1071 421 1262 476 puellam
1289 423 1343 464 de
1365 421 1544 463 funibus
1578 435 1839 477 suspensam

150 491 196 532 in
243 506 404 547 aquam
452 490 678 533 demisisse
725 493 859 546 atque
904 490 1053 532 statim
1097 491 1348 537 retraxisse.
1419 491 1688 534 Phronimen
1734 504 1838 534 vero

152 561 436 616 Polymnesto
459 562 639 603 theraeo
664 560 938 604 concubinae
961 561 1056 603 loco
1089 561 1226 604 fuisse
1259 562 1388 618 eique
1421 576 1606 617 puerum
1633 561 1840 617 genuisse

151 632 342 683 balbum,
377 645 507 687 quem
543 632 625 673 hac
657 632 711 673 de
744 646 890 683 causa,
925 631 1038 673 sicut
1067 632 1254 674 Theraei
1277 635 1316 674 et
1343 632 1563 687 Cyrenaei
1594 633 1838 683 narrarent,

150 702 330 744 Battum
369 701 534 743 dictum
574 715 689 753 esse3
739 702 991 744 Herodotus
1037 701 1153 744 enim
1203 702 1319 744 aliud
1368 702 1406 744 ei
1451 716 1615 745 nomen
1662 701 1839 757 imposi-

149 774 243 814 tum
268 786 364 815 esse
387 772 630 824 contendit,
664 775 891 815 asseverat
915 774 1095 814 Battum
1118 773 1384 815 vocabulum
1415 772 1611 827 libycum
1644 786 1741 815 esse
1773 786 1839 815 re-

149 856 341 898 gemque
375 842 640 898 significare,
675 842 794 884 illum
824 843 1071 885 Theraeum
1104 842 1237 897 igitur
1269 857 1360 885 non
1388 843 1506 898 prius
1538 842 1600 884 ita
1632 845 1839 886 vocatum

151 927 247 955 esse
296 928 428 969 quam
476 913 520 955 in
565 913 748 968 Libyam
798 912 1005 956 venisset.
1076 913 1202 954 Illum
1244 927 1363 964 vero,
1418 927 1518 955 cum
1560 913 1838 964 adolevisset,

152 983 364 1038 Pythium
397 984 451 1026 de
484 998 595 1027 voce
627 983 786 1026 adiisse
819 983 948 1039 eique
980 997 1242 1039 responsum
1277 997 1394 1026 esse:

290 1055 440 1107 Βάττ’,
474 1056 549 1097 ἐπὶ
583 1057 744 1109 φωνὴν
777 1054 928 1109 ἦλθες·
964 1054 1080 1106 ἄναξ
1112 1055 1160 1095 ὁὲ
1194 1068 1243 1095 σε
1279 1055 1439 1109 Φοῖβος
1473 1053 1714 1096 Ἀπόλλων

289 1127 333 1177 ἐς
364 1125 538 1181 Λιβύην
570 1126 737 1178 πέμπει
770 1124 1057 1180 μηλοτρόφον
1091 1127 1332 1179 οἰκιστῆρα.

139 1196 328 1237 ‘Battum
361 1209 481 1247 vero,
516 1195 740 1237 dolentem
773 1195 892 1250 quod
919 1193 1074 1249 Apollo
1110 1208 1156 1236 se
1189 1194 1434 1246 delusisset,
1470 1195 1659 1236 Theram
1690 1208 1838 1237 rever-

146 1265 265 1308 tisse.
330 1266 553 1308 Theraeos
601 1268 749 1307 autem
797 1265 1046 1320 complures
1094 1278 1235 1306 annos
1283 1265 1470 1307 adversa
1515 1264 1695 1307 fortuna
1736 1279 1839 1307 usos

145 1335 343 1391 Delphos
389 1335 573 1387 misisse,
628 1334 703 1390 qui
751 1335 978 1377 oraculum
1021 1338 1250 1390 rogarent,
1306 1335 1411 1391 quid
1458 1335 1540 1377 sibi
1585 1334 1838 1377 faciendum

148 1409 277 1449 esset.
340 1406 548 1461 Pythiam
594 1419 700 1449 vero
750 1405 800 1447 iis
845 1405 1048 1457 suasisse,
1098 1408 1147 1447 ut
1179 1406 1310 1448 Batto
1352 1406 1507 1448 urbem
1540 1405 1750 1460 Cyrenen
1793 1405 1838 1447 in

146 1476 287 1532 Libya
331 1475 560 1519 condituro
607 1476 768 1518 auxilio
824 1478 985 1518 essent.
1060 1476 1162 1518 Illos
1204 1490 1308 1519 vero
1348 1477 1529 1518 Battum
1568 1490 1668 1518 cum
1709 1475 1839 1518 sociis

147 1550 191 1589 et
223 1547 394 1589 duabus
425 1546 615 1590 navibus
647 1546 693 1588 in
725 1546 911 1601 Libyam
944 1546 1127 1589 misisse.
1192 1546 1327 1599 QUOS,
1362 1562 1462 1589 cum
1494 1546 1658 1588 frustra
1690 1546 1837 1588 conati

151 1619 302 1660 essent
333 1617 545 1660 Theraeis
577 1616 726 1660 invitis
760 1617 805 1658 in
839 1616 1026 1672 patriam
1059 1617 1215 1669 redire,
1258 1617 1302 1658 in
1340 1616 1483 1659 insula
1521 1631 1611 1659 non
1649 1617 1781 1671 longe
1814 1617 1848 1658 a'

147 1687 315 1743 Libyae
348 1702 425 1730 ora
457 1688 614 1744 posita,
648 1688 813 1740 Platea,
848 1688 1003 1730 urbem
1036 1687 1297 1730 condidisse.
1346 1688 1474 1739 Quod
1507 1688 1589 1729 iam
1626 1687 1837 1743 sequitur,

146 1757 241 1800 illos
273 1761 431 1814 postea
462 1758 506 1800 in
539 1758 843 1801 continentem
883 1761 1046 1800 terram
1084 1762 1386 1813 transgressos
1417 1758 1581 1810 Azirin,
1623 1760 1717 1799 tum
1751 1757 1838 1812 Cy-

146 1842 275 1871 renas
309 1829 571 1881 condidisse,
605 1828 691 1871 iam
724 1830 779 1871 ad
812 1844 893 1871 nos
925 1828 971 1870 in
1003 1828 1256 1884 praesentia
1288 1829 1395 1870 nihil
1428 1828 1598 1870 attinet.

263 1899 388 1942 Prior
425 1899 554 1941 huius
592 1899 768 1942 fabulae
807 1913 908 1954 pars
946 1913 1047 1941 cum
1086 1899 1331 1954 posteriore
1369 1902 1460 1940 tam
1491 1914 1580 1941 non
1617 1899 1837 1950 cohaeret,

145 1973 194 2011 ut
226 1970 298 2012 illa
331 1970 504 2012 sublata
535 1983 593 2012 ne
624 1969 854 2011 minimum
887 1969 1065 2025 quidem
1098 1971 1214 2011 hanc
1247 1984 1358 2025 opus
1391 1969 1447 2011 sit
1486 1969 1657 2011 mutari.
1723 1969 1838 2021 Quid

146 2040 263 2082 enim
310 2040 518 2092 interest,
572 2043 721 2082 utrum
768 2041 927 2082 Battus
969 2039 1160 2082 creticae
1214 2040 1394 2095 originis
1437 2039 1491 2082 sit
1533 2054 1590 2082 an
1630 2041 1837 2082 theraeus

144 2124 397 2165 germanus,
431 2111 648 2167 siquidem
671 2112 894 2153 Theraeos
916 2110 1012 2166 ipse
1035 2110 1143 2154 civis
1165 2112 1373 2153 theraeus
1402 2110 1447 2152 in
1470 2110 1657 2165 Libyam
1689 2110 1837 2152 ducit}>

143 2180 329 2223 Accedit
356 2181 475 2237 quod
496 2181 541 2223 in
564 2181 714 2223 fabula
739 2182 934 2233 theraea‚
969 2196 1102 2237 quam
1134 2196 1238 2224 mox
1272 2181 1646 2236 percensebimus,
1680 2181 1838 2222 Battus

145 2251 323 2294 easdem
360 2251 454 2294 fere
491 2254 640 2308 partes
680 2251 784 2307 agit,
825 2251 1006 2306 originis
1049 2266 1154 2295 vero
1187 2251 1450 2308 peregrinae
1493 2252 1662 2293 nullum
1704 2251 1837 2294 vesti—

144 2321 266 2376 gium
301 2325 379 2364 est.
423 2323 515 2365 Iam
549 2325 735 2378 apparet
766 2322 1008 2364 narrationi
1041 2337 1156 2378 quae
1188 2322 1284 2378 ipsa
1316 2323 1402 2365 iam
1435 2337 1513 2378 per
1546 2337 1592 2365 se
1625 2322 1836 2365 constite-

143 2391 214 2444 rit,
277 2393 397 2434 Batti
439 2396 638 2445 stemma,
696 2393 815 2435 Batti
858 2393 1010 2434 matris
1056 2408 1184 2435 casus
1222 2396 1396 2436 assutos
1436 2407 1552 2446 esse3
1614 2407 1639 2435 a
1677 2392 1837 2449 quibus

143 2462 227 2504 nisi
260 2477 285 2504 a
318 2463 606 2506 Cretensibus
639 2463 734 2516 illis,
778 2464 850 2519 qui
884 2466 1016 2506 Batto
1048 2465 1101 2505 ΙΙ.
1136 2477 1242 2519 rege
1274 2464 1319 2505 in
1352 2464 1537 2519 Libyam
1576 2464 1835 2519 migrarunt,

144 2535 194 2574 ut
233 2547 439 2588 agrorum
481 2533 789 2576 distributione
830 2534 1111 2577 fruerentur?
1181 2534 1329 2590 Atque
1371 2534 1503 2577 etiam
1545 2536 1733 2586 constat,
1782 2534 1837 2576 ad

144 2604 263 2659 quod
324 2605 577 2660 exemplum
634 2604 663 2645 ii
719 2604 986 2647 Phronimen
1044 2604 1224 2646 funibus
1280 2604 1325 2646 in
1382 2619 1542 2661 aquam
1601 2604 1836 2647 demissam

144 2673 382 2730 statimque
419 2688 571 2716 rursus
613 2675 831 2717 sublatam
870 2675 1095 2718 finxerint.
1162 2675 1212 2717 In
1252 2675 1539 2730 religionibus
1580 2675 1697 2718 enim
1730 2674 1835 2717 Cre-

142 2743 335 2786 tensium
376 2745 504 2787 deam
543 2759 591 2787 se
623 2745 668 2786 in
700 2759 822 2788 mare
854 2745 1223 2801 praecipitantem
1255 2748 1635 2801 repraesentatam
1673 2758 1770 2787 esse
1812 2758 1836 2787 e

141 2812 302 2856 fabulis
338 2815 574 2870 colligitur:
618 2815 847 2871 Dictynna
889 2816 1004 2858 enim
1045 2829 1091 2858 se
1124 2816 1179 2858 de
1211 2815 1519 2871 promunturio
1553 2816 1666 2857 saltu
1699 2814 1834 2857 demi-

143 2883 212 2935 sit,
246 2887 294 2926 ut
326 2885 471 2928 Minoa
507 2885 746 2941 effugeret3
793 2902 818 2928 a
851 2886 1143 2941 piscatoribus
1175 2885 1343 2929 retibus
1376 2887 1710 2941 comprehensa,
1753 2886 1836 2928 dea

142 2953 262 2996 facta
294 2958 380 3008 est3
429 2957 628 2998 Theseus
666 2971 713 2999 se
754 2957 808 2999 de
840 2956 945 3000 navi
976 2956 1265 3012 praecipitem
1299 2956 1432 3011 dedit,
1478 2959 1527 2998 ut
1559 2971 1606 3000 se
1638 2956 1836 3013 Neptuni

143 3024 403 3080 progeniem
443 3026 579 3068 Minoi
627 3027 905 3083 adprobaret.
971 3026 1017 3069 Si
1057 3027 1142 3069 hoc
1183 3026 1361 3083 quidem
1400 3026 1613 3083 pristinae
1657 3027 1835 3070 fabulae
