2180 3482
395 240 450 280 78
1035 234 1089 268 De
1113 233 1245 278 hymno
1271 233 1451 277 Apollinis

394 343 539 386 denuo
574 342 628 384 ad
661 341 793 384 deum
825 343 1107 396 praesentem
1141 341 1452 383 converteret?
1514 339 1573 381 At
1607 339 1902 383 Callimachus
1934 339 2089 381 maluit

393 413 514 456 iocos
548 413 601 454 de
635 425 681 454 se
715 410 1177 467 obtrectatoribusque
1211 410 1300 452 suis
1328 410 1511 453 carmini
1542 410 1751 462 inserere,
1785 410 1951 465 hymno
1976 410 2088 452 sales

395 486 438 526 et
469 482 653 524 facetias
686 481 945 536 inspergere
976 481 1142 523 maluit.
1206 480 1354 537 Atque
1386 481 1430 522 id
1464 481 1582 537 quod
1614 480 1765 532 voluit,
1799 479 1861 522 ita
1894 483 2089 523 sectatus

395 556 474 605 est,
507 555 555 594 ut
582 566 745 595 novam
777 551 993 608 Apollinis
1019 554 1184 608 ἀρετήν
1208 554 1401 603 caneret,
1436 565 1550 607 quae
1572 554 1722 594 tamen
1746 551 1891 606 paullo
1914 550 2090 606 longius

394 638 419 666 a
452 637 576 665 sacro
610 635 830 678 cyrenaeo
863 621 1123 673 discederet,
1159 622 1479 664 obtrectatores
1512 622 1626 677 pede
1659 635 1906 677 percussos.

514 693 736 736 Sollemne
783 692 867 734 fuit
913 693 1091 747 hymnis
1141 694 1387 749 σφραγῖδα,
1438 696 1597 748 poetae
1647 691 1837 747 sigillum
1884 691 2088 748 imprimi,

393 765 437 806 id
471 767 535 807 est
568 764 613 805 in
646 763 738 806 fine
771 764 864 806 sive
898 763 1031 806 etiam
1063 763 1108 804 in
1141 763 1285 805 medio
1326 762 1521 805 carmine
1559 765 1738 818 po'e'tam
1777 763 1831 805 de
1871 777 1918 805 se
1955 762 2088 818 loqui.

394 836 445 878 In
489 836 657 890 hymno
690 833 906 890 Apollinis
943 833 1166 876 homerico
1207 834 1373 876 aoedus
1411 848 1436 875 a
1474 832 1687 888 singulari
1724 833 1837 875 illius
1876 832 1947 876 dei
1985 847 2092 888 erga

393 906 554 948 Delum
594 919 742 948 amore
781 905 836 947 ad
875 918 1001 947 sacra
1032 904 1146 947 delia
1188 907 1323 960 atque
1362 903 1559 958 virgines
1598 903 1732 946 delias
1770 903 2090 960 pedetemptim

393 975 731 1031 transgreditur,
770 978 865 1017 tum
898 975 1096 1031 virgines
1134 978 1313 1030 rogatas
1352 975 1445 1018 vult
1486 977 1535 1016 ut
1574 974 1639 1016 sui
1678 989 1735 1017 ne
1774 973 2092 1017 obliviscantur

394 1050 534 1103 utque
567 1046 869 1089 confiteantur
902 1060 948 1089 se
982 1045 1178 1088 omnium
1212 1046 1452 1088 aoedorum
1485 1060 1624 1087 unum
1646 1044 1752 1100 ipsis
1774 1044 1967 1087 maxime
1999 1045 2091 1100 pla-

396 1117 551 1160 cuisse.
617 1116 875 1159 Timotheus
908 1131 1013 1160 vero
1042 1131 1067 1159 a
1090 1116 1271 1159 Graecis
1294 1117 1474 1158 Paeana
1506 1118 1607 1171 post
1640 1130 1839 1171 pugnam
1871 1115 2091 1158 salamini-

396 1203 466 1230 am
499 1190 557 1242 (v.
583 1190 796 1244 210sqq.)
835 1187 1120 1230 laudantibus
1159 1187 1214 1229 ad
1246 1186 1463 1243 Apollinis
1503 1200 1671 1242 preces,
1712 1189 1761 1228 ut
1799 1189 1959 1242 poetae
1999 1185 2091 1242 opi-

394 1260 573 1311 tuletur,
614 1273 747 1315 quem
779 1257 1120 1301 Lacedaemonii
1157 1257 1376 1300 immerito
1417 1260 1584 1300 vexent
1625 1258 1742 1313 quod
1780 1271 1947 1300 novum
1987 1256 2091 1298 artis

395 1344 538 1385 genus
582 1329 793 1381 intulerit,
846 1332 981 1385 atque
1023 1329 1078 1370 ad
1118 1343 1220 1370 suas
1264 1328 1401 1384 ipsius
1439 1329 1592 1370 laudes
1641 1342 1730 1369 non
1767 1327 1908 1383 magis
1947 1330 2091 1369 trans-

398 1400 546 1443 cendit,
594 1415 727 1456 quam
773 1399 977 1451 transilit,
1030 1402 1079 1441 ut
1127 1402 1342 1455 appareat
1397 1399 1470 1441 illa
1522 1401 1669 1441 aetate
1722 1397 2092 1441 consuetudinem

397 1470 526 1526 sigilli
570 1469 789 1513 adiciendi
837 1473 929 1512 tam
975 1470 1285 1526 pervulgatam
1330 1468 1480 1521 fuisse,
1534 1472 1583 1510 ut
1632 1469 1706 1525 qui
1752 1469 1955 1524 legerent
2001 1483 2092 1511 non

395 1541 663 1584 mirarentur
703 1541 809 1583 talia
850 1540 1035 1583 carmini
1075 1540 1197 1582 nulla
1239 1540 1529 1583 excusatione
1569 1540 1710 1596 petita
1749 1539 1875 1596 quasi
1912 1539 2092 1592 intrudi,

396 1611 528 1654 immo
571 1614 887 1668 exspectarent
926 1615 1105 1668 po'e'tam
1157 1612 1211 1654 de
1260 1625 1306 1654 se
1355 1610 1574 1653 dicturum
1617 1624 1725 1653 esse.
1788 1610 1937 1666 Atque
1977 1611 2094 1653 hanc

394 1683 540 1738 legem
566 1697 624 1725 ne
652 1683 697 1724 in
718 1682 891 1725 Dianae
925 1682 1103 1739 quidem
1126 1683 1292 1738 hymno
1317 1681 1612 1725 Callimachus
1635 1681 1860 1736 migravit:
1894 1681 1954 1723 ibi
1977 1680 2093 1723 enim

396 1768 421 1796 a
452 1753 707 1796 narratione
746 1753 801 1795 de
832 1752 978 1795 Diana
1010 1752 1218 1808 sagittam
1250 1752 1294 1794 in
1328 1753 1617 1795 scelestorum
1649 1752 1804 1794 urbem
1844 1751 2093 1794 coniciente

397 1824 451 1866 ad
486 1838 637 1867 eorum
669 1823 904 1875 miseriam,
940 1824 1015 1880 qui
1046 1823 1091 1866 in
1113 1824 1230 1866 illam
1255 1824 1383 1866 deam
1406 1823 1706 1879 peccaverint,
1741 1823 2091 1875 describendam,

396 1898 491 1937 tum
524 1895 579 1937 ad
612 1909 764 1938 eorum
805 1895 1141 1947 beatitudinem,
1191 1894 1352 1951 quibus
1383 1894 1530 1937 Diana
1567 1893 1775 1937 benivola
1813 1893 1881 1946 sit,
1921 1893 2092 1949 praedi-

397 1966 586 2008 candam
617 1966 956 2021 transgreditur,
990 1969 1085 2008 tum
1116 1965 1234 2008 illam
1267 1969 1477 2022 precatur
1509 1968 1558 2007 ut
1591 1965 1673 2007 sibi
1700 1978 1874 2021 semper
1899 1963 2095 2019 benigna

397 2036 453 2078 sit
485 2050 754 2093 carmenque
794 2037 1023 2088 concedat,
1064 2036 1281 2092 promittit
1318 2036 1363 2077 in
1401 2036 1473 2078 illo
1514 2038 1555 2078 et
1590 2036 1787 2078 Latonae
1827 2038 1870 2078 et
1901 2035 2094 2091 Apollini

398 2109 442 2149 et
466 2106 550 2163 ipsi
572 2107 745 2149 Dianae
767 2106 988 2162 insignem
1013 2121 1188 2162 semper
1209 2107 1356 2148 locum
1378 2105 1577 2148 futurum
1602 2120 1710 2149 esse.
1766 2107 1878 2147 Tum
1901 2105 2094 2162 denique

396 2177 563 2229 laudes,
598 2177 757 2233 quibus
791 2178 915 2220 deam
951 2180 1267 2233 prosecuturus
1301 2176 1368 2229 sit,
1404 2176 1610 2233 explicat,
1645 2176 1688 2218 id
1721 2179 1785 2219 est
1820 2177 1873 2218 ad
1898 2176 2094 2219 eiusdem

397 2248 508 2291 deae
548 2249 702 2290 laudes
742 2248 888 2290 denuo
927 2247 1177 2291 revertitur.
1214 2273 1267 2277 —
1302 2247 1451 2289 Potuit
1490 2247 1534 2289 in
1566 2247 1649 2288 illis
1683 2247 1941 2290 enarrandis
1973 2249 2095 2289 recta

398 2332 586 2374 pergere
627 2319 749 2360 nulla
790 2319 844 2361 de
887 2332 933 2361 se
974 2318 1202 2360 mentione
1243 2317 1426 2370 iniecta3
1476 2318 1629 2360 maluit
1673 2320 1828 2360 contra
1870 2318 2094 2374 σφραγῖδα

397 2388 500 2431 huic
533 2388 739 2431 carminis
772 2388 887 2445 parti
919 2388 1126 2431 inserere.
1182 2388 1338 2444 Neque
1370 2387 1506 2443 igitur
1532 2387 1757 2443 singulare
1781 2390 1847 2430 est
1871 2389 2094 2444 σφραγῖδα

397 2459 613 2516 Apollinis
638 2460 804 2515 hymno
833 2459 959 2511 adici,
988 2473 1143 2503 verum
1166 2458 1282 2501 illam
1305 2458 1558 2501 narratione
1582 2459 1636 2501 de
1657 2458 1873 2514 Apollinis
1895 2457 2094 2500 facinore

399 2529 628 2585 contineri,
672 2544 762 2572 non
805 2533 965 2586 poetae
1008 2529 1285 2586 professione
1326 2529 1381 2571 de
1424 2543 1471 2572 se
1512 2529 1620 2585 ipso.
1701 2529 1789 2571 Sed
1834 2543 1858 2571 a
1900 2528 2094 2571 carmine

398 2600 577 2643 minime
624 2600 862 2653 homerico,
909 2600 983 2657 qui
1024 2604 1176 2643 tamen
1215 2601 1409 2655 hymnus
1452 2599 1537 2642 dici
1578 2599 1730 2652 voluit,
1774 2600 1829 2641 ad
1871 2598 2095 2655 epilogum

398 2671 671 2714 homericum
695 2671 777 2713 sibi
800 2672 1046 2715 cavillando
1070 2671 1154 2714 iter
1179 2670 1382 2722 munivit,
1418 2671 1536 2726 quod
1563 2669 1602 2712 ei
1630 2684 1840 2725 prospere
1867 2669 2093 2712 successit.

400 2741 486 2794 Qui
524 2742 641 2784 enim
674 2742 811 2785 verba
853 2746 875 2785 ὁ
911 2744 1089 2795 Φθόνος
1121 2741 1415 2794 ’Λπόλλωνος
1454 2741 1522 2784 ἐπ’
1565 2745 1702 2784 οὔατα
1739 2742 1928 2796 λάθριος
1967 2743 2094 2782 εἶπεν

400 2812 680 2865 audiverunt,
706 2816 971 2869 exspectant
990 2812 1317 2855 enarrationem
1339 2812 1394 2854 de
1416 2811 1499 2854 alia
1521 2811 1635 2852 illius
1659 2811 1728 2853 dei
1751 2811 1915 2854 virtute
1939 2824 2017 2853 seu
2040 2810 2095 2852 de

400 2882 482 2924 alio
517 2887 644 2939 αἰτίῳ
677 2883 954 2939 propositum
986 2883 1050 2935 iri,
1084 2886 1179 2925 tum
1211 2881 1438 2938 paullatim
1461 2881 1823 2924 animadvertunt
1846 2895 1893 2923 se
1916 2895 1941 2922 a
1962 2882 2096 2937 poeta

401 2952 557 3008 decipi,
590 2954 709 2996 hunc
740 2954 828 2996 iam
861 2954 915 2996 de
949 2968 1008 3005 se,
1042 2968 1132 2995 non
1165 2954 1219 2995 de
1251 2952 1455 3008 Apolline
1489 2965 1708 3007 cyrenaeo
1741 2951 1874 3007 loqui.

518 3023 734 3079 Pericopa
766 3024 871 3080 quid
908 3023 953 3064 in
985 3023 1245 3067 universum
1279 3021 1513 3078 significet,
1553 3021 1668 3064 inter
1708 3035 1860 3064 omnes
1894 3023 2089 3064 constat:
