2180 3482
333 247 413 286 138
962 241 1016 275 De
1040 241 1175 276 fabulis
1198 241 1384 284 cyrenaeis

326 349 429 391 hinc
480 350 656 390 demum
709 348 749 388 in
796 347 1030 389 Arcadiam
1079 347 1341 388 translatum
1393 360 1502 398 esse,
1562 347 1680 402 quod
1724 346 1918 387 fabulam
1964 346 2019 388 de

328 420 527 462 Minerva
561 419 615 460 ad
647 418 854 473 paludem
884 417 1126 459 Tritoniam
1159 420 1266 459 nata
1299 416 1424 472 quasi
1456 416 1642 459 invitam
1675 416 1755 457 sibi
1790 429 2019 470 arrogasse

326 490 520 531 Arcades
555 488 774 539 videntur,
809 487 1170 543 quandoquidem
1197 491 1223 543 ἡ
1246 491 1390 543 κρήνη
1418 488 1632 544 Τριτωνίς
1663 486 1736 528 illa
1757 485 2018 541 Alipheren-

328 560 439 601 sium
472 573 618 615 neque
650 558 820 600 flumen
851 571 999 613 neque
1030 558 1153 600 lacus
1186 560 1262 600 aut
1295 557 1420 613 palus
1455 560 1534 610 est,
1569 571 1722 600 verum
1756 556 1868 598 fons.

443 630 669 672 Atlantem
708 628 954 684 antiquitus
986 627 1202 670 Arcadiae
1234 630 1431 670 montem
1463 627 1600 670 fuisse
1616 628 1642 681 ¹)
1677 627 1882 683 equidem
1916 641 2018 669 con-

327 701 449 752 cedo,
499 701 575 743 sed
623 714 802 756 prorsus
847 698 932 740 alia
976 699 1030 740 de
1070 712 1204 740 causa
1242 698 1459 753 Eurypyli
1503 713 1636 741 avum
1669 698 1892 740 Atlantem
1936 697 2021 739 dici

326 771 524 814 arbitror.
590 771 701 812 Nam
741 772 1093 812 consentaneum
1133 772 1199 811 est.
1236 768 1357 810 illum
1398 768 1472 824 qui
1513 769 1684 810 caelum
1715 767 1910 810 humeris
1942 767 2019 809 im-

327 842 518 898 positum
563 844 687 897 gerat
734 841 805 884 vel
844 840 977 883 etiam
1016 839 1091 895 qui
1130 840 1358 882 columnas
1396 839 1572 891 habeat,
1619 853 1733 895 quae
1773 839 1943 881 caelum
1977 840 2022 880 et

326 916 489 955 terram
513 912 751 954 distineant
777 912 922 962 (Hom.
949 926 976 953 α
995 913 1081 964 53),
1106 910 1152 951 in
1176 909 1385 952 extremis
1407 912 1553 952 terrae
1576 909 1662 952 oris
1685 909 1741 951 ad
1763 909 1864 951 solis
1889 923 2015 951 occa-

327 998 423 1025 sum
477 982 693 1025 collocari.
771 982 921 1037 Atque
967 981 1054 1023 iam
1102 980 1324 1023 Hesiodus
1373 981 1556 1035 (Theog.
1588 982 1689 1032 518>
1739 979 1849 1021 dixit
1900 979 2019 1020 illum

328 1054 497 1096 caelum
522 1053 740 1095 sustinere
763 1056 970 1109 πείρασιν
994 1054 1042 1094 ἐν
1066 1055 1194 1108 γαίης
1215 1053 1401 1107 πρόπαρ
1424 1050 1705 1107 εΕσπερίὸων
1727 1051 2020 1106 λιγυφώνων;

327 1123 597 1180 Hesperides
640 1138 746 1167 vero
788 1123 834 1165 in
869 1123 1118 1178 Cyrenaica
1158 1122 1361 1164 habitare
1403 1121 1713 1164 existimarunt
1756 1120 1830 1177 qui
1868 1121 2021 1163 urbem

327 1195 607 1250 cyrenaicam
662 1195 966 1250 Εὐεσπερίδας
1017 1195 1306 1236 vocaverunt.
1387 1192 1526 1235 Nemo
1575 1192 1748 1247 dignior
1799 1194 1893 1234 erat
1946 1190 2022 1247 qui

326 1265 472 1321 gentis
497 1279 745 1320 cyrenaeae
778 1279 888 1308 avus
921 1263 1144 1306 diceretur
1176 1278 1307 1319 quam
1333 1277 1471 1306 senex
1504 1263 1574 1305 ille
1608 1262 1683 1319 qui
1706 1262 1750 1304 in
1775 1261 2023 1317 Cyrenaica

327 1337 497 1379 caelum
530 1336 723 1379 humeris
756 1338 944 1391 gereret.
1003 1335 1073 1376 An
1105 1335 1301 1377 Arcades
1334 1337 1509 1376 tantum
1540 1334 1766 1376 Atlantem
1798 1333 1842 1375 id
1874 1333 2022 1375 facere

328 1407 639 1449 crediderunt?
702 1407 759 1448 At
802 1406 1022 1449 Hesiodus
1070 1407 1265 1448 Boeotus
1312 1405 1409 1457 fuit,
1458 1420 1549 1447 non
1595 1405 1756 1455 Arcas3
1807 1402 2023 1446 Corinthii

328 1477 520 1520 artifices
554 1491 683 1520 arcae
714 1477 827 1519 illius
860 1476 1160 1519 nobilissimae
1192 1475 1387 1527 fuerunt,
1422 1490 1555 1532 quam
1583 1474 1849 1530 Cypselidae
1872 1474 2022 1528 Olym—

328 1548 426 1604 piae
458 1548 553 1592 lovi
592 1549 866 1600 dedicarunt,
909 1548 955 1589 in
995 1548 1080 1590 hac
1122 1561 1227 1590 vero
1259 1547 1383 1589 Atlas
1426 1546 1571 1603 pictus
1615 1548 1710 1588 erat
1750 1559 1841 1587 non
1881 1545 2023 1587 solum

328 1620 494 1661 caelum
552 1622 734 1675 portans
788 1620 866 1662 sed
919 1618 1052 1661 etiam
1099 1632 1232 1674 poma
1277 1621 1456 1670 tenens;
1512 1617 1571 1658 illi
1618 1615 1879 1672 inscriptum
1930 1618 2024 1658 erat

328 1691 493 1743 ’Ἄτλας
527 1693 723 1747 οὐρανὸν
759 1693 886 1743 οὗτος
919 1692 1022 1745 ἔχει,
1055 1692 1108 1732 τὰ
1136 1691 1183 1732 δὲ
1214 1690 1337 1742 μάλα
1369 1690 1562 1744 μεθήσει
1575 1687 1618 1742 ²).
1676 1688 1745 1730 De
1779 1686 2023 1729 stemmatis

328 1760 593 1803 auctoritate
625 1760 711 1802 iam
745 1763 893 1803 actum
926 1760 1113 1804 videtur.

447 1832 603 1873 Restat
641 1832 913 1887 Euplieinus.
979 1831 1122 1883 Quem
1162 1831 1379 1872 Pindarus
1428 1831 1644 1872 Boeotum
1692 1828 1827 1871 fuisse
1875 1829 2022 1883 (Pyth.

326 1903 387 1944 IV
409 1904 560 1958 44sq.)
583 1906 785 1954 testatur,
821 1918 921 1945 cum
954 1905 1102 1945 narret
1136 1902 1254 1944 illum
1289 1902 1344 1943 ad
1368 1900 1609 1956 (Iepliisum
1632 1901 1824 1955 Europa,
1860 1913 1883 1941 e
1906 1898 2025 1954 Tityi

330 1973 430 2025 filia,
472 1976 516 2016 et
543 1974 751 2029 Neptuno
785 1973 987 2029 genitum
1021 1987 1131 2025 esse⁷
1173 1972 1278 2014 dicit
1310 1976 1461 2014 tamen
1494 1972 1536 2013 in
1572 1972 1772 2014 Taenaro
1806 1969 2026 2012 Laconiae

328 2044 634 2100 promunturio
667 2045 723 2086 ad
747 2045 847 2087 Orci
872 2046 1046 2099 portam
1078 2043 1290 2085 habitare.
1347 2043 1455 2094 Quis
1488 2042 1557 2084 ille
1590 2042 1737 2089 fuerit,
1771 2041 1856 2083 iam
1890 2055 1913 2082 e
1945 2055 2023 2082 no-

329 2114 447 2157 mine
481 2115 638 2167 elucet,
682 2115 828 2156 nullus
867 2114 977 2156 alius
1010 2114 1094 2155 nisi
1127 2114 1268 2156 Orcus
1308 2114 1401 2169 ipse
1437 2113 1506 2156 vel
1540 2116 1659 2155 certe
1692 2113 1800 2154 deus
1834 2111 2023 2153 orcinus.

330 2186 485 2241 Neque
519 2186 593 2241 qui
625 2186 816 2241 populus
846 2186 1009 2228 Orcum
1042 2185 1103 2227 ita
1128 2184 1373 2240 appellarit,
1409 2183 1599 2225 dubitari
1632 2186 1791 2238 potest,
1827 2182 2024 2237 quando-

331 2256 508 2312 quidem
540 2257 670 2299 Lesbi
698 2258 848 2300 lovem
872 2257 1152 2312 Euphemum
1189 2259 1396 2299 vocatum
1431 2268 1527 2297 esse
1559 2256 1749 2296 testatur
1773 2252 2026 2308 Hesychius

331 2343 362 2368 s.
389 2343 428 2370 v.
454 2328 689 2383 Εὐφάμιος
730 2330 773 2369 et
806 2329 1038 2383 Εὔφημος.
1103 2328 1203 2369 Una
1242 2326 1362 2381 regio
1404 2328 1483 2377 est,
1524 2325 1643 2367 unde
1681 2339 1795 2366 unus
1834 2325 1942 2366 deus
1982 2326 2027 2365 et

330 2398 373 2440 iu
396 2399 625 2441 Boeotiam
650 2402 693 2441 et
716 2399 907 2441 Lesbum
929 2398 1157 2440 transferri
1184 2397 1388 2453 potuerit,
1425 2396 1664 2448 Thessalia,
1699 2395 1742 2437 id
1775 2396 1893 2451 quod
1917 2395 2022 2436 Mal-

330 2469 475 2512 tenius
509 2473 566 2525 (p.
597 2472 693 2525 123)
727 2470 822 2526 ipse
855 2470 1072 2512 concedit.
1136 2469 1254 2511 Ante
1287 2468 1522 2510 Pindarum
1559 2467 1646 2509 iam
1678 2466 1898 2509 Hesiodus
1931 2465 2025 2508 sive

333 2540 530 2596 quisquis
542 2542 709 2583 Eoeam
727 2542 1020 2597 deEuphemo
1041 2540 1212 2596 scripsit
1229 2540 1294 2587 (fr.
1314 2541 1393 2581 152
1414 2536 1812 2582 editionistachii
1830 2535 2022 2590 maioris)

331 2612 453 2654 novit
495 2611 614 2653 illum
648 2613 864 2654 Boeotum
913 2626 1023 2663 esse,
1073 2610 1345 2654 existimavit
1382 2613 1533 2652 tamen
1573 2623 1663 2651 non
1702 2609 1908 2662 Europae
1949 2607 2026 2647 sed

331 2682 604 2725 Mecionicae
640 2682 792 2735 filium,
836 2698 926 2725 non
969 2683 1024 2725 ad
1058 2681 1299 2738 Cephisum
1345 2681 1422 2723 sed
1455 2679 1622 2734 Hyriae
1665 2681 1831 2720 natum.
1896 2677 2025 2729 Quod

453 2874 475 2913 ι)
504 2873 573 2906 Cir.
594 2872 840 2907 Wilamowitz
868 2872 913 2906 ad
939 2871 1105 2906 Herculis
1132 2870 1337 2913 euripideae
1363 2881 1396 2904 v.
1416 2869 1494 2903 294.

451 2931 619 2974 2)Mu1t0
655 2931 760 2974 plura
795 2934 1029 2965 monumenta
1063 2930 1242 2964 indicabit
1277 2929 1508 2963 Wernickius
1546 2928 1623 2961 PW
1643 2927 1799 2960 112129.
1840 2947 1882 2949 —
1922 2926 2026 2959 Anti-

331 2990 502 3031 quissimo
535 2991 677 3033 generis
714 2991 894 3033 cyrenaici
932 3000 1018 3024 vase
1056 2990 1112 3023 uti
1150 2989 1259 3031 nolui,
1300 2987 1391 3030 quod
1425 2987 1541 3021 adhuc
1566 2987 1743 3020 incertum
1771 2989 1835 3027 est,
1875 2985 1938 3019 ubi
1962 2983 2027 3018 illa

331 3049 481 3082 vascula
506 3049 606 3091 picta
632 3051 723 3083 sint:
753 3049 813 3083 cfr.
833 3059 864 3091 p.
891 3049 955 3082 121
969 3059 1044 3090 sqq.
1748 3026 1767 3047 ο
