2180 3482
354 255 410 296 68
988 249 1042 283 De
1067 249 1198 292 hymno
1228 247 1409 292 Apollinis

354 362 398 401 et
428 356 712 413 Apollonium
744 355 994 407 intercedit,
1034 357 1083 396 ut
1115 368 1226 410 opus
1260 354 1313 396 511
1348 354 1527 396 credere
1559 353 1818 396 alterutrum
1859 351 2046 394 alterum

351 429 571 470 imitatum
604 440 719 477 esse:
755 425 862 481 quin
894 424 1155 480 Apollonius
1189 424 1507 467 Callimachum
1533 423 1730 465 imitatus
1763 423 1830 474 sit,
1865 422 2046 464 dubium

354 512 450 541 esse
471 512 561 539 non
586 498 745 552 potest
794 495 943 551 Atque
977 509 1076 537 cum
1107 496 1225 537 hanc
1257 494 1563 550 quaestionem
1597 493 1782 537 50111550
1814 492 2047 549 permagni

352 567 524 611 intersit
571 567 625 609 ad
674 566 765 610 11111
811 569 1039 608 extiemae
1081 565 1319 621 pericopae
1363 564 1708 620 percipiendam,
1772 563 1818 605 in
1869 577 1921 605 ea
1971 562 2046 604 311-

354 641 569 694 quantum
603 636 865 680 commorari
896 650 986 678 non
1019 636 1252 691 813131101.

469 707 730 765 Apollonius
763 706 936 762 scripsit
960 705 1230 761 Argonautis
1265 705 1430 747 circum
1452 704 1669 760 Apollinis
1702 719 1822 746 aram
1849 704 2046 746 saltanti-

351 780 434 821 bus
469 782 511 821 et
544 778 794 834 Ἱηπαιήον’
830 778 1102 833 Ἰηπαιήονα
1131 777 1298 832 Φοῖβον
1330 775 1596 818 vocantibus
1624 775 1801 831 Orphea
1834 774 2049 818 cecinisse

355 850 412 904 <H
436 852 536 903 705)
574 853 632 902 ὥς
658 865 767 892 ποτε
799 851 989 905 πετραίῃ
1023 848 1112 890 ὑπὸ
1136 847 1303 903 ὁειράὸι
1326 848 1614 902 Παρνησσοῖο
1642 846 1875 902 Δελφύνην
1908 846 2048 899 τόξοι-

353 938 392 964 σι
430 921 657 976 πελώριον
697 919 967 976 ἐξενάριξεν,
1007 924 1168 974 κοῦρος
1207 919 1297 960 ε’ὼν
1336 919 1399 959 ἔτι
1439 918 1620 972 γυμνός,
1669 918 1730 958 ἔτι
1776 917 2050 970 πλοκάμοισι

352 992 570 1048 γεγηθώς.
618 990 828 1045 Ἱλήκοις·
869 992 958 1032 αἰεί
981 1005 1060 1041 τοι,
1095 988 1225 1041 ἄναξ,
1260 990 1446 1044 ἄτμητοι
1476 988 1664 1043 ἔθειραι,
1699 989 1787 1029 αἰεὶ
1819 987 2048 1043 ἀδήλητοι·

352 1064 438 1114 τὼς
471 1063 554 1117 γὰρ
586 1062 737 1115 θέμις·
774 1061 894 1103 οἰόθι
934 1059 970 1102 δ’
1005 1061 1116 1114 αὐτὶ]
1149 1059 1284 1114 Λητὼ
1316 1059 1588 1113 Κοιογένεια
1630 1058 1781 1113 φίλαις
1814 1059 1864 1100 ἐν
1894 1060 2050 1113 χερσὶν

354 1134 568 1188 ἀφάσσει·
604 1133 750 1174 πολλὰ
785 1132 832 1173 ose
858 1132 1089 1186 Κωρύκιαι
1122 1132 1308 1185 νύμφαι,
1341 1129 1581 1171 Πλείστοιο
1613 1130 1848 1184 θύγατρες,
1880 1129 2050 1184 θαρσύ-

352 1218 513 1245 νεσκον
547 1204 738 1254 ἔπεσσιν,
774 1202 841 1257 ‘Rs
876 1203 914 1244 ἵε
945 1202 1223 1256 κεκληγυῖαι·
1264 1200 1403 1242 ε”νθεν
1436 1201 1490 1255 ὁὶ]
1521 1200 1622 1242 τόὸε
1654 1199 1796 1241 καλὸν
1829 1200 2051 1253 ἐφύμνιον

353 1274 511 1316 ἔπλετο
541 1274 701 1329 Φοίβῳ.
740 1299 789 1301 -
824 1271 990 1313 Ambos
1025 1271 1210 1313 eandem
1243 1269 1421 1312 fabulae
1452 1269 1641 1312 formam
1675 1269 1800 1325 sequi
1831 1269 1931 1312 luce
1964 1269 2050 1311 013-

352 1344 442 1385 11115
476 1346 559 1386 051.;
602 1343 898 1386 Callimachus
932 1341 1049 1384 enim
1083 1355 1353 1397 quamquam
1381 1339 1642 1383 brevissime
1676 1339 1883 1396 loquitur,
1925 1339 2051 1395 quasi

352 1428 445 1457 rem
466 1418 619 1456 notam
646 1413 794 1470 potius
826 1413 871 1454 in
904 1415 1100 1455 mentem
1132 1414 1315 1454 revocet
1349 1426 1482 1467 quam
1514 1411 1609 1466 ipse
1642 1413 1851 1466 exponat,
1885 1413 2049 1462 tamen,

354 1485 459 1541 quid
497 1484 705 1536 voluerit,
747 1483 930 1526 dubium
975 1497 1072 1525 esse
1115 1496 1206 1524 non
1252 1484 1412 1538 potest.
1490 1481 1742 1537 Apollinem
1788 1481 1905 1523 enim
1951 1495 2049 1523 cum

353 1555 592 1598 draconem
649 1554 916 1609 configeret,
972 1567 1159 1609 puerum
1209 1553 1282 1596 vel
1333 1552 1480 1608 potius
1524 1551 1742 1594 infantem
1785 1551 1922 1594 tuisse
1968 1551 2052 1607 ipsi

353 1625 515 1682 Delphi
547 1628 770 1668 testantur
803 1625 1046 1667 clamantes
1079 1627 1138 1677 (v.
1167 1626 1267 1677 103)
1307 1625 1440 1666 εὐθύ
1480 1639 1529 1666 σε
1567 1627 1712 1679 μήτηρ
1750 1622 1914 1678 γείνατ’
1951 1624 2051 1665 ἀοσ-

355 1702 538 1753 σητῆρα.
601 1697 723 1738 Idem
755 1696 859 1738 inde
892 1694 1183 1747 concluditur,
1224 1695 1341 1750 quod
1375 1694 1565 1750 populus
1598 1693 1828 1749 delphicus
1861 1692 2052 1749 primum

355 1769 577 1823 ἐφύμνιον
616 1766 721 1808 illud
760 1766 988 1809 invenisse
1026 1765 1199 1817 dicitur,
1240 1764 1409 1808 scilicet
1446 1765 1705 1821 priusquam
1738 1764 1895 1820 Apollo
1935 1763 2052 1805 aliud

354 1837 609 1880 audivisset.
674 1838 843 1880 Eodem
876 1837 1042 1893 pariter
1075 1836 1283 1892 pertinet,
1326 1836 1446 1892 quod
1477 1835 1549 1878 ille
1582 1836 1691 1878 deus
1722 1837 1927 1877 narratur
1959 1836 2051 1877 ἐπι-

356 1909 636 1960 δείκνυσθαι,
671 1909 1000 1951 demonstrasse
1030 1911 1169 1950 artem
1200 1921 1342 1949 suam:
1377 1920 1526 1963 neque
1554 1906 1690 1961 igitur
1713 1920 1766 1949 ea
1787 1908 1920 1948 antea
1946 1919 2052 1947 usus

355 1982 460 2022 erat.
509 1979 632 2021 Illam
665 1979 800 2034 igitur
831 1978 1008 2021 fabulae
1040 1977 1229 2020 formam
1263 1977 1559 2020 Callimachus
1592 1980 1771 2020 secutus
1805 1979 1884 2028 est,
1919 1990 2052 2032 quam

355 2049 687 2106 antiquissimus
734 2049 863 2091 nobis
904 2048 950 2090 in
990 2048 1147 2091 litteris
1188 2048 1361 2104 8130015
1403 2048 1589 2103 praebet
1629 2047 1865 2103 Euripides
1908 2046 2050 2102 Iphig.

355 2121 484 2162 Taur.
511 2136 550 2163 v.
585 2122 695 2162 1248
708 2135 802 2176 sqq.
839 2122 900 2162 ἔτι
937 2136 1015 2173 μιν
1055 2119 1312 2171 (draconem
1346 2118 1468 2172 dicit)
1509 2121 1570 2161 ἔτι
1603 2120 1781 2174 βρέφος,
1822 2119 1885 2160 ἔτι
1919 2119 2052 2173 φίλας

355 2194 429 2234 ἐπὶ
460 2194 651 2247 ματέρος
683 2191 918 2246 ἀγκάλαισι
949 2191 1177 2246 θρῴσκων
1209 2191 1380 2242 ἔκανες,
1416 2192 1450 2232 ὦ
1477 2190 1622 2245 Φοῖβε.
1675 2189 1787 2231 Item
1812 2187 2052 2230 Clearchus

355 2264 405 2304 ἐν
445 2268 506 2318 τῷ
548 2264 750 2318 προτέρῳ
792 2264 896 2317 περὶ
934 2262 1216 2317 Παροιμιῶν,
1262 2273 1394 2315 quem
1437 2259 1585 2301 10011111
1625 2273 1769 2314 nuper
1811 2258 2050 2310 attulimus,

356 2332 543 2388 scripsit,
578 2347 677 2375 cum
710 2332 883 2373 Latona
915 2331 1068 2374 ambos
1107 2344 1268 2386 pueros
1300 2330 1498 2386 Delphos
1539 2330 1723 2372 duceret
1761 2343 1953 2385 cumque
1991 2329 2050 2371 al-

355 2407 499 2446 terum
531 2402 734 2445 manibus
767 2405 976 2457 gestaret,
1011 2402 1262 2457 Pythonem
1294 2400 1339 2442 in
1374 2400 1470 2443 illos
1502 2400 1719 2456 impetum
1750 2399 1928 2451 fecisse3
1969 2399 2050 2441 La-

354 2478 507 2516 tonam
551 2487 677 2525 1010,
734 2487 831 2515 011111
884 2475 1217 2529 peropportune
1269 2471 1489 2514 accideret
1535 2472 1654 2527 quod
1697 2470 1854 2526 Apollo
1900 2483 2051 2512 arcum

354 2547 541 2595 teneret,
589 2543 773 2587 vocibus
805 2543 888 2584 illis
922 2548 959 2586 ἵε
991 2550 1080 2586 παῖ
1110 2542 1280 2585 animos
1320 2542 1359 2585 ei
1397 2541 1629 2584 addidisse.
1696 2540 1862 2583 Similia
1899 2542 2052 2582 narrat

354 2614 500 2656 Duris.
528 2615 727 2670 Delphos
761 2617 908 2656 autem
941 2613 1026 2655 13111
1060 2613 1164 2656 inde
1196 2628 1221 2655 a
1254 2612 1359 2655 satis
1393 2612 1577 2668 antiqua
1609 2614 1756 2654 aetate
1777 2612 1888 2653 11300
1911 2610 2050 2653 credi—

356 2685 471 2727 disse
505 2699 527 2727 e
560 2684 751 2727 vasculis
784 2684 1048 2739 colligimus:
1089 2683 1319 2727 vasculum
1357 2683 1475 2726 enim
1512 2682 1650 2738 nigris
1687 2681 1844 2737 figuris
1882 2681 2051 2736 pictum

357 2756 487 2797 etiam
526 2770 647 2797 nunc
680 2758 827 2797 exstat
859 2743 941 2809 (El.
978 2769 1135 2797 ceram.
1164 2755 1204 2796 Π
1237 2753 1347 2807 ῙΑ),
1389 2767 1475 2810 quo
1508 2753 1665 2809 Apollo
1704 2751 1871 2803 infans,
1918 2765 2050 2807 quem

355 2826 527 2867 Latona
569 2825 774 2868 manibus
818 2828 957 2881 gerat,
1009 2825 1054 2867 in
1099 2826 1338 2867 draconem
1376 2823 1561 2879 sagittas
1606 2822 1830 2865 coniciens
1873 2835 2049 2877 reprae-

357 2899 567 2938 sentatur.
631 2896 780 2952 Atque
820 2895 1077 2938 umbilicum
1120 2898 1164 2938 et
1203 2895 1377 2937 laurum
1419 2893 1666 2949 delphicam
1710 2893 1839 2935 nobis
1886 2892 1931 2934 in
1977 2892 2050 2934 illa

356 2965 529 3020 pictura
561 2966 777 3021 dispicere
810 2966 1023 3009 videmur.
1088 2966 1256 3009 Eadem
1295 2964 1389 3007 fere
1428 2963 1622 3006 ostendit
1654 2963 1885 3007 vasculum
1921 2963 2048 3005 bero-

356 3036 526 3078 linense
566 3038 693 3088 2212,
732 3036 875 3079 rubris
913 3036 1068 3092 figuris
1108 3036 1334 3092 depictum
1372 3034 1547 3090 generis
1586 3033 1668 3076 illis
1707 3033 1885 3090 quidem
1924 3046 2047 3076 seve-
