2180 3482
347 244 403 283 54
988 240 1040 274 De
1067 239 1198 282 hymno
1224 239 1402 282 Apollinis

345 347 399 389 de
439 345 753 389 committendo
794 360 926 401 quam
967 346 1021 387 de
1061 346 1326 401 apponendo
1372 348 1629 401 usurpatur:
1677 344 1753 387 cfr.
1784 345 1947 388 Herod.
1977 345 2039 387 VI

344 420 400 460 86
433 421 505 473 βῆ
536 423 613 459 τοῦ
647 417 973 471 παραθεμένου
1021 418 1074 458 τὰ
1118 420 1342 472 χρήματος
1393 415 1497 458 item
1538 415 1799 472 Apollonius
1842 415 2039 457 Rhodius

346 487 534 530 Colchos
568 500 667 528 cum
699 485 862 540 Minyis
895 486 1131 542 pepegisse
1162 485 1281 537 fecit,
1315 489 1363 527 ut
1396 487 1597 528 Medeam
1629 485 1801 528 Dianae
1841 484 2039 528 commit-

344 560 502 609 terent,
535 556 708 598 Dianae
739 555 783 597 in
817 557 957 598 tutela
989 557 1270 608 collocarent,
1305 557 1408 598 dum
1442 556 1767 607 diiudicaretur,
1802 555 1910 597 utris
1941 556 2040 598 red-

345 628 541 670 deretur:
575 628 843 683 παρθέσθαι
866 630 1005 683 κούρῃ
1026 627 1224 682 Λητωίδι
1256 630 1418 682 νόσφιν
1452 627 1623 680 ὁμίλου,
1658 626 1801 682 inquit
1827 627 1903 677 (IV
1922 628 2038 679 346).

347 698 462 750 Quid
487 698 573 739 iam
598 697 755 740 attinet
780 697 882 739 illud
909 696 1072 739 Christi
1095 701 1157 750 εἰς
1178 699 1331 752 χεῖράς
1355 712 1433 739 σου
1457 698 1767 753 παρατίθεμαι
1789 698 1838 740 τὸ
1862 699 2042 750 πνεῦμά

344 786 430 824 μου
464 768 654 811 afferre?
711 769 869 810 Battus
903 767 1138 818 Carneum,
1185 782 1312 809 suum
1345 767 1490 819 deum,
1532 771 1678 809 terrae
1708 767 1890 822 ignotae
1923 781 2040 809 com-

346 839 516 881 misisse
557 841 773 881 narratur.
809 865 863 868 —
905 838 1033 890 Quod
1073 837 1368 880 Callimachus
1407 838 1588 879 Battum
1627 836 1721 880 sive
1758 836 2042 880 Aristotelem

346 910 525 965 linguae
562 909 669 952 vitio
704 912 908 951 sanatum
943 923 1038 951 esse
1066 908 1184 960 dicit,
1220 922 1321 951 eum
1350 907 1545 950 fabulam
1580 907 1807 963 antiquam
1841 908 1967 964 sequi
1997 908 2043 949 in

348 980 494 1036 capite
527 981 581 1022 de
612 980 772 1022 fabulis
806 979 1052 1035 cyrenaicis
1080 980 1462 1022 demonstraturus
1490 993 1599 1020 sum.
1643 1005 1692 1008 —
1732 979 1870 1020 Multa
1904 993 2043 1021 unum

347 1051 611 1094 vocabulum
645 1050 878 1102 desiderat,
914 1053 1061 1104 οὖλος;
1098 1051 1217 1106 quod
1248 1051 1332 1092 hoc
1363 1050 1460 1092 loco
1493 1063 1572 1105 pro
1599 1049 1670 1092 illo
1705 1049 1824 1105 quod
1851 1052 1917 1092 est
1952 1049 2043 1102 „in-

346 1125 486 1177 teger,
535 1136 687 1173 sanus,
739 1124 966 1164 servatus-⁴
1010 1121 1115 1177 quin
1154 1120 1347 1176 positum
1391 1120 1465 1172 sit,
1513 1119 1664 1162 nescio
1704 1134 1761 1162 an
1798 1119 1931 1162 fuerit
1969 1119 2044 1176 qui

347 1191 568 1234 dubitaret
608 1192 711 1234 inde
752 1207 775 1233 a
810 1191 1067 1234 Callimachi
1105 1191 1354 1233 scholiasta.
1417 1190 1565 1246 Atque
1604 1190 1690 1232 iam
1722 1190 1878 1233 Janius
1911 1190 2045 1233 evicit

349 1262 631 1314 Callimacho,
672 1277 772 1304 cuin
804 1262 925 1304 illum
958 1276 1134 1305 versum
1176 1261 1400 1313 scriberet,
1441 1261 1535 1305 sive
1568 1279 1602 1305 ω
1631 1264 1712 1303 118
1751 1264 1854 1304 ante
1894 1262 2044 1304 oculos

348 1333 632 1376 obversatum
667 1347 763 1375 esse
794 1335 901 1389 μηνὶ
935 1332 970 1375 6⁷
996 1332 1064 1389 ἄρ’
1091 1334 1210 1388 οὔλῳ
1244 1332 1337 1375 sive
1371 1348 1395 1389 ρ
1419 1334 1504 1374 343
1538 1335 1675 1388 ἄρτον
1708 1332 1742 1375 τ’
1768 1333 1904 1375 οὖλον
1928 1334 2045 1375 ἑλὼν

347 1405 639 1459 περικαλλέος
687 1405 735 1446 ἐκ
776 1405 975 1455 κανέοιο,
1025 1417 1134 1459 quas
1182 1417 1316 1446 voces
1365 1402 1497 1445 etiam
1546 1403 1684 1445 altero
1730 1403 1827 1445 loco
1870 1406 2045 1446 veteres

347 1474 624 1529 grammatici
670 1474 716 1515 in
756 1475 874 1516 hanc
915 1473 1183 1516 sententiam
1225 1476 1509 1529 acceperunt,
1551 1472 1661 1516 falso
1702 1473 1763 1514 illi
1801 1473 1979 1529 quidem
1995 1475 2043 1528 ¹);

349 1546 479 1598 οὖλος
518 1545 633 1587 idem
668 1544 964 1588 Callimachus
1002 1544 1063 1586 ita
1101 1544 1332 1600 usurpavit
1372 1545 1567 1587 Hecalae
1606 1543 1843 1600 fragmenti
1878 1544 2044 1587 Vindo-

348 1615 558 1658 bonensis
600 1616 618 1657 I
656 1619 683 1658 8
733 1617 903 1672 Θησεὺς
947 1620 1026 1670 οὐχ
1069 1618 1172 1668 ἑκὰς
1220 1617 1349 1668 οὖλος
1395 1615 1470 1658 ἀπ’
1515 1616 1703 1672 εὐύδρου
1746 1615 2046 1672 Μαραθῶνος

350 1689 470 1741 ζωὸν
505 1691 629 1742 ἄγων
667 1690 746 1730 τὸν
779 1694 957 1743 ταῦρον.
1021 1686 1077 1728 At
1120 1686 1277 1729 Janius
1320 1688 1377 1742 (p.
1403 1689 1559 1742 Ssqq.)
1601 1700 1692 1728 non
1734 1685 1796 1728 ita
1835 1699 1929 1728 rem
1971 1686 2045 1727 ad-

349 1757 629 1809 ministravit,
675 1761 723 1799 ut
762 1757 847 1800 iarn
882 1771 1264 1813 supervacaneum
1298 1756 1353 1798 sit
1385 1756 1639 1799 universam
1673 1756 1728 1798 de
1760 1756 1882 1799 vocis
1917 1757 2047 1810 οὖλος

349 1843 431 1870 usu
466 1827 762 1871 Callimacheo
797 1827 1104 1884 quaestionem
1137 1842 1287 1870 rursus
1321 1828 1375 1870 de
1407 1827 1581 1882 integro
1616 1841 1877 1883 proponere.
1934 1827 2047 1869 Illud

349 1913 454 1941 vero
487 1899 559 1942 vel
591 1899 813 1941 mordicus
845 1899 1103 1950 tenendum,
1136 1899 1257 1940 hunc
1289 1912 1416 1940 usum
1450 1897 1572 1941 vocis
1605 1898 1677 1940 vel
1707 1897 1855 1953 potius
1884 1912 2047 1940 vocum

350 1971 470 2023 (nam
503 1970 752 2025 complures
785 1970 1075 2023 coaluerunt),
1116 1969 1170 2011 de
1204 1983 1391 2024 quarum
1429 1972 1618 2011 accentu
1656 1968 1743 2010 iam
1781 1968 1897 2011 inter
1934 1968 2046 2010 anti-

351 2054 462 2097 quos
494 2040 807 2095 grammaticos
839 2040 1088 2095 litigaretur
1101 2039 1145 2093 2),
1179 2042 1323 2081 totum
1355 2039 1400 2080 in
1433 2039 1802 2095 interpretatione
1823 2038 2048 2081 homerica

349 2114 576 2154 versatum
610 2125 719 2153 esse.
779 2110 1029 2153 Caveamus
1061 2110 1207 2165 igitur,
1241 2124 1298 2153 ne
1320 2109 1450 2152 facile
1474 2110 1705 2153 credamus
1729 2109 2047 2152 Callimachum

349 2182 408 2224 illi
441 2181 541 2225 voci
574 2181 922 2236 significationes
955 2181 1176 2223 inauditas
1205 2181 1465 2232 inculcasse,
1501 2195 1600 2223 cum
1630 2180 1890 2236 praesertim
1914 2179 2047 2223 etiam

350 2266 472 2294 nunc
504 2252 610 2294 satis
641 2267 805 2307 magna
837 2251 1193 2294 testimoniorum
1225 2251 1292 2295 vis
1320 2254 1496 2307 praesto
1531 2251 1599 2303 sit,
1635 2265 1658 2293 e
1686 2250 1846 2307 quibus
1870 2250 2046 2306 colliga-

350 2337 460 2374 mus,
503 2337 591 2378 qua
631 2322 803 2365 ratione
842 2322 1039 2377 singulos
1072 2321 1254 2364 Homeri
1291 2322 1412 2365 locos
1450 2321 1728 2377 grammatici
1767 2321 2048 2377 interpretati

351 2393 450 2435 sint.
485 2420 532 2423 —-
567 2393 635 2435 Fr.
666 2396 749 2435 507
792 2392 1087 2436 Callimachus
1126 2395 1261 2436 οὔλου
1289 2392 1439 2449 μητέρ’
1472 2395 1637 2449 ’Ἄρηος
1670 2392 1878 2448 quoniam
1910 2391 2046 2448 scrip-

350 2463 419 2516 sit,
459 2464 640 2506 Homeri
670 2465 712 2506 Ε
740 2466 821 2505 461
868 2465 998 2517 οὖλος
1029 2465 1181 2520 Ἄρης,
1214 2466 1304 2520 ,717
1341 2465 1475 2507 οὖλον
1507 2465 1654 2520 Ἄρηα
1693 2462 1893 2519 profecto
1931 2465 2046 2515 „tor-

351 2549 469 2586 vum,
510 2534 831 2590 perniciosum“
867 2534 1099 2586 intellexit,
1134 2534 1188 2576 ab
1222 2548 1272 2576 eo
1301 2534 1420 2590 quod
1447 2536 1513 2576 est
1537 2535 1727 2590 ὄλεθρος
1748 2533 1867 2575 illam
1890 2547 2048 2577 vocem

470 2687 495 2732 ¹)
521 2688 666 2722 Primus
691 2688 930 2723 Benndorfius
957 2688 1079 2722 docuit
1106 2688 1232 2732 (Erant
1254 2687 1544 2722 vindobonensis
1569 2697 1601 2730 p.
1623 2687 1705 2731 377)
1733 2697 1804 2720 non
1830 2696 1960 2729 panem
1986 2685 2047 2720 sed

350 2746 463 2790 pultis
495 2748 617 2790 potius
648 2748 685 2780 in
718 2747 909 2790 oblongam
940 2747 1092 2780 forman]
1125 2746 1255 2780 duct-ae
1287 2755 1400 2790 genus
1433 2745 1610 2787 quoddam
1641 2745 1927 2789 intellegendum
1959 2754 2047 2787 esse,

350 2816 421 2847 qua
447 2806 575 2839 Asiani
607 2807 717 2840 etiam
749 2815 844 2839 nunc
875 2810 1071 2839 vescantur
1101 2815 1263 2848 quaeque
1294 2806 1331 2838 in
1363 2815 1490 2838 cavam
1521 2814 1669 2838 manum
1701 2803 1919 2846 complicata
1951 2802 2049 2837 colli-

349 2865 461 2907 gitur,
487 2868 530 2898 ut
555 2875 576 2898 a
602 2864 857 2907 Neapolitanis
883 2864 1163 2898 maocheroni
1189 2863 1355 2898 manibus
1383 2864 1539 2897 tractari
1566 2862 1694 2897 solent.

469 2923 496 2966 2)
524 2923 621 2965 Quae
653 2924 723 2958 tibi
755 2924 1023 2957 controversiae
1056 2923 1201 2957 scholiis
1233 2923 1265 2956 A
1291 2922 1335 2956 ad
1362 2922 1405 2956 K
1429 2922 1496 2955 134
1528 2921 1917 2964 repraesentabuntur,
1955 2931 2048 2963 quae

351 2980 522 3015 videlicet,
547 2992 590 3015 ex
616 2982 813 3016 Herodiani
839 2981 1007 3024 prosodia
1032 2982 1214 3016 homerica
1239 2981 1422 3015 fluxerunt
1449 2980 1504 3025 (fr.
1529 2980 1615 3022 307;
1648 2980 1684 3014 Π
1716 2980 1794 3023 273,
1821 2979 1866 3013 31
1881 2979 1948 3024 L),
1984 2979 2046 3013 cfr.

352 3050 492 3082 quoque
519 3040 576 3074 Et.
596 3040 642 3074 M.
665 3041 743 3084 640,
763 3041 818 3076 48.
