2180 3482
439 251 494 286 De
520 261 575 285 vv.
595 250 745 284 91—93.
772 249 825 284 De
852 249 1010 284 Carneis.
1038 250 1090 284 De
1116 250 1285 293 pericopa
1309 259 1423 293 paene
1449 248 1579 283 ultima
1798 250 1852 289 67

282 356 602 399 Adulescentes
636 358 679 411 ἰὴ
720 358 763 410 ἰὴ
802 359 970 410 παιῆον
1008 354 1231 398 invocant.
1297 354 1462 397 Credas
1503 356 1725 407 ἀκούομεν
1765 366 1856 395 non

166 428 220 471 de
246 427 376 469 turba
408 428 680 480 congregata
713 426 789 468 sed
823 425 877 467 de
910 424 1114 467 omnibus
1148 425 1223 481 qui
1255 439 1452 480 unquam
1479 424 1583 466 illud
1607 436 1856 478 cognomen

167 497 430 549 audiverint,
463 497 518 539 de
541 495 744 538 omnibus
762 494 1014 537 hominibus
1032 495 1252 550 usurpari;
1282 498 1327 537 at
1344 509 1454 550 pace
1472 493 1661 537 Vahleni
1680 497 1736 549 (p.
1754 495 1855 544 818)

166 568 323 619 dicam,
358 570 402 610 et
423 567 507 609 hoc
530 566 730 621 frigidius
763 565 818 608 sit
851 568 907 617 et,
942 580 1030 621 qua
1062 566 1116 608 de
1143 580 1276 608 causa
1299 564 1498 621 quaestio
1532 578 1646 620 quae
1678 578 1769 606 non
1802 563 1858 605 ad

166 653 241 681 eos
273 637 545 694 potissimum
582 636 754 688 attinet,
801 636 875 693 qui
908 650 1087 678 carmen
1118 636 1321 688 recitant,
1370 637 1455 678 hoc
1487 635 1665 677 demum
1702 633 1859 689 hymni

165 710 282 760 loco,
333 722 424 749 non
471 707 603 762 longe
645 707 699 749 ab
743 706 865 749 exitu
907 710 1201 763 proponatur,
1250 706 1413 748 frustra
1452 705 1703 761 requiritur.
1771 703 1856 755 Qui

168 782 323 822 contra
378 777 583 820 statuerit
631 777 950 820 Callimachum
1008 777 1236 820 simulasse
1285 791 1331 819 se
1379 790 1618 832 puerorum
1667 775 1859 817 clamore

167 862 294 891 aures
327 848 569 891 identidem
608 847 887 903 percutiente
926 850 1195 889 commotum
1232 846 1477 889 orationem
1516 846 1605 887 huc
1643 844 1745 887 illuc
1785 845 1858 887 de-

165 919 360 971 flectere,
394 919 584 961 eundem
613 920 963 960 consentaneum
988 920 1054 960 est
1072 917 1317 960 concedere
1340 916 1648 958 adulescentes
1673 914 1859 970 Cyrenis

166 992 210 1046 ῑὴ
232 992 275 1046 ἰὴ
293 995 461 1046 παιῆον
485 988 669 1031 Carneis
693 988 921 1040 cecinisse,
942 987 1274 1039 Callimachum,
1294 1001 1395 1029 cum
1411 986 1504 1028 illas
1525 999 1656 1028 voces
1675 985 1858 1037 audiret,

167 1062 436 1102 commotum
470 1073 580 1111 esse,
614 1062 662 1100 ut
694 1073 844 1100 rursus
876 1057 1108 1114 praeconis
1140 1060 1290 1113 partes
1323 1057 1368 1098 in
1401 1070 1448 1099 se
1470 1055 1689 1111 reciperet
1712 1058 1755 1098 et
1785 1069 1859 1098 ex-

166 1130 350 1186 plicaret
398 1129 576 1185 quando
623 1128 695 1171 ille
737 1129 845 1170 deus
887 1128 1028 1184 primo
1071 1131 1115 1184 ἰὴ
1159 1131 1201 1184 ἰὴ
1242 1133 1410 1184 παιῆον
1454 1126 1687 1169 invocatus
1730 1128 1859 1168 esset.

166 1201 327 1242 Narrat
360 1203 508 1243 autem
541 1199 661 1241 illum
693 1198 879 1255 Delphis
913 1199 1153 1241 draconem
1186 1197 1426 1241 confixisse
1459 1197 1622 1253 populo
1655 1197 1861 1239 hortante

168 1274 211 1326 ἰὴ
248 1274 291 1326 ἰὴ
325 1276 506 1326 παιῆον,
541 1274 596 1313 ἵει
628 1272 768 1326 βέλος.
818 1270 947 1312 Hanc
979 1269 1115 1321 vocis,
1150 1283 1264 1325 quae
1298 1272 1365 1311 est
1397 1272 1441 1325 ἰὴ
1475 1271 1518 1324 ἱὴ
1551 1269 1706 1311 Παιάν
1739 1267 1861 1322 (nam

167 1343 323 1384 Παιάν
344 1342 538 1397 Παιήων
561 1342 724 1383 Παιών
746 1354 844 1382 raro
873 1340 1221 1395 distinguuntur)
1245 1338 1585 1394 originationem
1607 1337 1732 1380 multi
1754 1337 1859 1379 iam-

168 1411 337 1467 pridem
375 1413 682 1462 narraverant,
732 1410 1038 1466 antiquissimi,
1087 1413 1303 1466 quantum
1343 1409 1486 1461 video,
1534 1409 1739 1464 Ephorus
1772 1410 1859 1463 (ap.

169 1481 313 1524 Strab.
345 1481 410 1523 IX
442 1483 547 1535 422)
591 1484 635 1523 et
675 1481 925 1523 Aristotelis
969 1480 1210 1536 discipulus
1253 1479 1493 1522 Clearchus
1536 1478 1731 1521 Solensis
1772 1479 1860 1534 (ap.

166 1551 329 1594 Athen.
353 1551 440 1593 XV
466 1553 659 1605 7010)1).
714 1552 764 1593 In
787 1552 870 1593 hac
902 1565 1008 1594 vero
1032 1565 1080 1593 re
1111 1553 1248 1593 testes
1282 1549 1510 1602 dissident,
1545 1550 1663 1605 quod
1696 1548 1780 1600 alii,
1814 1550 1863 1590 ut

167 1622 389 1678 Ephorus,
428 1621 703 1677 Delphorum
743 1621 955 1677 populum
993 1621 1088 1662 illas
1120 1635 1255 1664 voces
1289 1619 1518 1662 sustulisse
1556 1622 1751 1671 narrant,
1792 1605 1862 1660 alii

168 1692 397 1744 Latonam,
443 1695 492 1733 ut
535 1691 788 1743 Clearchus,
835 1691 970 1734 Duris
1016 1692 1101 1745 (Et.
1132 1692 1188 1733 M.
1220 1706 1251 1733 s.
1282 1707 1322 1734 v.
1356 1692 1529 1747 Ἰήιος),
1569 1690 1862 1746 Apollodorus

167 1762 454 1805 Atheniensis
489 1767 573 1818 (ap.
598 1763 871 1805 Macrobium
905 1763 995 1805 Sat.
1020 1763 1039 1804 I
1066 1765 1130 1814 17,
1151 1764 1192 1816 7)
1207 1761 1250 1816 2).
1304 1762 1362 1803 At
1395 1776 1527 1817 quam
1558 1761 1680 1804 leves
1712 1760 1861 1802 huius-

167 1833 286 1876 modi
318 1833 643 1888 discrepantiae
676 1833 776 1885 sint,
818 1833 995 1876 docebit
1026 1832 1248 1889 Apollonii
1280 1831 1439 1874 Rhodii
1469 1833 1592 1874 locus
1625 1831 1788 1886 Argon.
1822 1831 1863 1872 II

170 1905 248 1945 711
272 1918 382 1959 sqq,
416 1903 492 1945 ubi
529 1904 756 1959 nymphae
789 1903 1005 1959 Coryciae
1048 1903 1130 1945 illis
1177 1902 1362 1947 vocibus
1410 1902 1593 1944 sublatis
1634 1901 1862 1944 Phoebum

168 1974 419 2029 Pythonem
452 1973 718 2029 transfigere
750 1975 953 2017 hortatae
986 1988 1083 2017 esse
1114 1976 1364 2016 narrantur.
1418 1973 1566 2029 Atque
1596 1975 1747 2014 tamen
1773 1974 1864 2013 tam

167 2059 259 2087 non
296 2059 435 2100 grave
473 2044 710 2087 discrimen
748 2045 864 2088 inter
897 2044 1155 2088 Callimachi
1184 2045 1344 2096 locum,
1386 2058 1518 2100 quein
1551 2043 1862 2099 disceptamus,

168 2162 260 2197 festo
295 2162 607 2205 consuetudinem,
640 2166 681 2196 ut
713 2173 755 2197 ea
786 2162 936 2196 hemina
968 2162 1220 2197 celebraretur.
1284 2162 1476 2204 Euripides
1509 2162 1603 2195 enim
1641 2171 1712 2194 non
1749 2159 1865 2194 solum

169 2222 316 2264 scripsit
343 2221 433 2265 (Alc.
452 2233 484 2256 v.
505 2222 572 2254 445
588 2221 677 2266 sqq.)
705 2221 836 2255 πολλά
864 2233 905 2255 σε
931 2221 1173 2266 μουσοπόλοι
1198 2221 1399 2266 μέλψουσι
1431 2247 1436 2253 .
1464 2247 1470 2253 .
1497 2247 1502 2253 .
1538 2221 1694 2265 Σπάρτᾳ
1725 2219 1866 2260 κύκλος

170 2282 282 2313 ἁνίκα
307 2280 503 2325 Καρνείου
536 2282 793 2325 περινίσσεται
827 2281 923 2325 ὥρας
954 2281 1075 2325 μηνὸς
1107 2282 1332 2324 ἀειρομένας
1364 2280 1564 2323 παννύχου
1596 2278 1772 2320 σελάνας,
1804 2276 1865 2311 sed

170 2338 310 2372 addidit
344 2338 548 2384 λιπαραῖσι
574 2341 605 2371 τ’
629 2342 670 2372 ἐν
697 2339 848 2380 ὀλβίαις
874 2338 1073 2380 Ἀθάναις.
1124 2338 1204 2372 Non
1233 2339 1348 2381 igitur
1374 2341 1513 2371 certum
1537 2337 1671 2372 festum
1696 2336 1795 2379 dicit,
1828 2336 1865 2368 in

172 2407 243 2439 quo
269 2397 307 2430 in
333 2398 458 2439 primis
485 2397 642 2431 Alcestis
668 2397 848 2440 laudetur,
882 2397 943 2431 sed
976 2396 1161 2440 significat
1187 2407 1306 2430 omnes
1333 2400 1460 2439 poetas
1485 2396 1586 2430 illam
1612 2395 1865 2430 celebraturos.

290 2455 316 2500 ¹)
343 2455 412 2498 Qui
437 2466 508 2490 non
534 2455 649 2490 solum
674 2455 763 2489 illud
792 2457 829 2499 ἰή
856 2457 931 2490 sive
959 2457 1007 2499 ἰή,
1034 2466 1159 2489 verum
1185 2457 1297 2489 etiam
1322 2455 1358 2488 id
1384 2455 1477 2496 quod
1504 2458 1560 2489 est
1585 2455 1710 2488 παιών
1736 2464 1779 2488 ex
1804 2453 1865 2486 illo

170 2513 350 2558 Apollinis
376 2514 535 2548 facinore
562 2514 742 2557 explicare
769 2524 877 2548 ausus
905 2517 976 2549 est:
1010 2513 1113 2547 illum
1139 2514 1233 2547 enim
1260 2518 1339 2557 παῖ,
1366 2513 1402 2547 id
1429 2516 1485 2548 est
1512 2513 1653 2557 „puer“‚
1681 2523 1761 2546 cum
1779 2522 1868 2555 puer

172 2573 284 2607 etiam
309 2576 388 2606 tum
414 2576 519 2616 esset,
546 2574 755 2607 invocatum
781 2583 868 2607 esse.

290 2631 317 2675 2)
344 2630 521 2666 Macrobii
547 2632 642 2665 enim
668 2641 760 2673 quae
785 2631 851 2665 hoc
878 2633 997 2674 capite
1024 2631 1266 2672 continentur,
1294 2642 1337 2665 ex
1356 2630 1563 2673 Apollodori
1590 2631 1701 2672 copiis
1720 2629 1867 2663 fluxisse

173 2689 469 2724 demonstrarunt
495 2690 650 2733 Miinzel,
679 2690 720 2724 de
739 2690 948 2732 Apollodori
975 2691 1061 2734 περὶ
1078 2690 1182 2723 θεῶν
1208 2689 1310 2723 libris
1338 2689 1498 2732 (Bonnae
1524 2688 1639 2733 1883),
1664 2699 1695 2730 p.
1719 2688 1761 2721 14
1773 2697 1866 2729 sqq.;

173 2748 389 2791 Hefermehl,
422 2749 625 2783 studiorum
656 2749 694 2782 in
725 2748 934 2791 Apollodori
969 2750 1055 2793 περὶ
1086 2748 1190 2782 θεῶν
1216 2748 1423 2791 fragmenta
1448 2748 1668 2791 genavensia
1695 2745 1867 2790 (Berolini

175 2806 290 2850 1905),
317 2817 349 2850 p,
372 2808 500 2850 5sqq.;
528 2807 565 2841 O.
585 2807 796 2850 Reinhardty
831 2807 872 2840 de
899 2807 1118 2841 Graecorum
1143 2805 1327 2850 theologia
1354 2805 1528 2850 (Berolini
1555 2805 1655 2846 1910,
1684 2805 1750 2838 101
1765 2803 1865 2848 sqq).

174 2865 414 2908 Apollodorus
441 2865 582 2900 scilicet
607 2865 696 2900 illud
724 2868 823 2899 ἱέναι
849 2865 894 2899 ad
920 2866 1098 2899 rationem
1124 2875 1227 2898 suam
1253 2865 1407 2898 detorsit
1433 2863 1478 2897 ad
1505 2863 1685 2905 solemque
1711 2862 1867 2897 rettulit.

175 2943 218 2947 —
246 2923 425 2958 Carminis
450 2924 684 2958 Atheniensis
709 2924 860 2968 Delphis
886 2924 992 2958 incisi
1019 2922 1145 2967 (BCH
1170 2922 1296 2958 XVIII
1322 2922 1476 2966 352,17)
1504 2921 1604 2956 nulla
1630 2924 1686 2956 est
1712 2921 1868 2955 auctori-

174 2984 244 3025 tas,
271 2982 558 3024 quandoquidem
583 2985 775 3025 tantopere
796 2982 1071 3016 Atheniensium
1089 2980 1286 3024 postulatis
1311 2981 1421 3023 favet,
1453 2984 1495 3014 ut
1512 2982 1707 3025 genuinam
1724 2979 1869 3014 fabulae

174 3039 325 3075 formam
351 3051 497 3084 prorsus
523 3041 707 3085 neglegat.
749 3041 911 3084 Accedit,
939 3040 1031 3083 quod
1057 3039 1115 3074 hic
1139 3039 1239 3075 locus
1265 3039 1357 3074 male
1384 3039 1565 3074 mulcatus
1591 3042 1656 3073 est.

1611 3096 1658 3134 5*
