2180 3482
371 241 428 281 80
1011 235 1066 270 De
1089 235 1222 279 hymno
1247 236 1426 279 Apollinis

370 345 597 393 recusent:v
648 356 705 383 an
753 355 853 383 cum
905 341 959 383 de
1001 355 1048 383 se
1089 341 1317 397 praedicat
1355 344 1513 385 Romae
1537 345 1744 399 principis
1791 345 1958 386 urbium
2005 345 2066 386 di-

373 421 531 471 quatur
562 414 724 455 suboles
759 414 866 454 inter
897 414 1091 455 amabilis
1122 419 1263 454 vatum
1287 428 1445 468 ponere
1466 428 1527 455 me
1549 415 1708 467 choros,
1747 420 1782 455 et
1822 416 1905 455 iam
1945 415 2065 456 dente

370 488 506 526 minus
544 485 739 525 mordeor
778 484 923 525 invido
957 483 1106 535 (carm.
1135 483 1196 524 IV
1219 486 1259 534 3,
1289 485 1356 536 13)
1392 483 1606 526 adversus
1639 483 1832 538 collegas
1864 483 2065 539 pugnat?

369 569 425 596 an
458 552 605 609 potius
639 553 853 595 adversus
893 552 1228 605 obtrectatores,
1270 553 1538 609 quicumque
1571 553 1630 595 illi
1662 553 1872 596 fuerunt?
1920 554 2066 596 Etiam

369 624 591 667 silentium
632 623 832 666 invidum
871 623 995 675 dicit,
1038 624 1157 680 quod
1187 623 1316 666 bonis
1349 627 1484 679 atque
1516 623 1705 666 fortibus
1737 624 1941 667 meritam
1972 625 2065 680 glo-

368 695 476 737 riam
515 698 691 737 recuset
731 696 783 747 (c.
814 694 875 736 IV
905 696 945 746 8,
977 696 1068 749 22):
1110 696 1213 752 quid
1244 695 1361 749 foret
1399 696 1508 737 Iliae
1545 697 1835 752 Mavortisque
1866 711 1987 752 puer,
2029 698 2067 738 si

369 769 639 809 taciturnitas
662 768 842 808 obstaret
868 768 1024 808 meritis
1050 766 1196 807 invida
1219 766 1419 808 Romuli?
1466 765 1676 820 Sequitur
1699 772 1879 822 ereptum
1908 768 2066 822 Styyiis

359 839 564 892 fluctibus·
590 839 773 878 Aeacum
799 839 932 879 virtus
960 843 995 878 et
1018 836 1152 890 saror
1183 842 1218 878 et
1251 838 1400 891 linqua
1429 838 1657 891 potentium
1691 843 1834 879 vatum
1866 838 2066 880 divitibus

368 914 581 950 consecrat
614 909 782 949 insulis:
815 910 926 949 caelo
961 922 1080 949 musa
1113 908 1203 949 beat
1218 906 1258 960 ¹).
1312 906 1424 948 Item
1453 905 1698 949 obliviones
1723 906 1895 958 lividas,
1928 906 1972 948 id
1999 908 2065 949 est

366 977 539 1020 invidas
573 977 681 1018 dixit
716 981 768 1028 (c.
793 977 854 1019 IV
878 980 917 1029 9,
942 979 1033 1028 30):
1070 992 1154 1019 non
1186 992 1257 1032 eqo
1291 983 1326 1019 te
1357 979 1455 1019 meis
1489 978 1644 1019 chartis
1669 980 1912 1020 inornatum
1937 979 2065 1020 silebo

367 1056 472 1092 totve
514 1055 606 1092 tuos
631 1052 783 1105 patiar
814 1051 977 1092 labores·
1018 1050 1195 1104 impune,
1244 1048 1370 1098 Lolli,
1417 1063 1585 1103 carpere
1626 1049 1781 1090 lividas
1823 1050 2062 1091 obliviones.

365 1119 549 1162 Accedit
595 1119 713 1175 quod
758 1118 1054 1162 Callimachus
1102 1120 1300 1160 extremo
1345 1131 1492 1169 versu,
1539 1132 1626 1173 quo
1668 1118 1865 1159 Momum
1907 1118 2063 1161 eodem

366 1190 488 1232 abire
528 1190 651 1233 iubet
691 1203 777 1246 quo
824 1190 1056 1231 Phthonus
1097 1188 1313 1244 Apollinis
1356 1188 1476 1231 calce
1517 1188 1768 1244 propulsus,
1810 1188 1906 1244 ipse
1952 1188 2063 1230 indi-

367 1264 436 1303 cat
459 1262 655 1303 Momum
684 1264 724 1303 et
753 1261 1008 1302 Phthonum
1031 1274 1169 1301 unum
1202 1259 1483 1314 eundemque
1517 1273 1633 1311 esse;
1669 1259 1938 1315 quicumque
1971 1258 2064 1302 eius

366 1331 561 1374 carmina
592 1331 904 1386 reprehendat,
940 1345 1040 1373 eum
1072 1329 1239 1373 invidia
1271 1333 1441 1371 motum
1473 1329 1517 1371 id
1548 1329 1709 1372 facere.

485 1402 556 1454 At,
591 1401 749 1444 dixerit
784 1400 1017 1457 quispiam,
1051 1401 1264 1444 adversus
1296 1415 1432 1442 unum
1469 1403 1638 1442 certum
1662 1414 1841 1443 carmen
1875 1400 2062 1456 epicum,

365 1474 484 1529 quod
516 1473 784 1515 lutulentum
817 1471 941 1523 fluat,
977 1471 1272 1514 Callimachus
1305 1475 1489 1526 pugnat.
1548 1471 1665 1512 Num
1699 1471 1893 1526 opinaris
1926 1487 2063 1514 unum

363 1543 645 1599 Apollonium
696 1543 768 1585 illa
817 1545 965 1585 aetate
1009 1541 1205 1584 carmina
1250 1541 1377 1598 epica
1422 1541 1673 1597 pepigisse?
1767 1541 2062 1584 Callimachus

365 1614 547 1657 credidit
582 1614 636 1656 ab
669 1613 926 1669 ingentibus
959 1612 1259 1656 voluminibus
1301 1611 1631 1667 neglegentiam
1672 1611 1863 1668 aliquam
1895 1612 1972 1656 vix
2010 1627 2063 1655 ac

363 1699 421 1728 ne
453 1685 528 1728 vix
563 1685 740 1741 quidem
774 1683 1001 1726 dissociari
1034 1697 1177 1739 posse.
1231 1683 1354 1725 Idem
1388 1682 1506 1725 enim
1533 1682 1644 1724 dixit
1669 1685 1718 1726 τὸ
1739 1685 1853 1739 με’γα
1875 1685 2062 1740 βυβλίον

365 1759 461 1799 ἴσον
494 1758 609 1799 εἶναι
641 1761 702 1812 τῷ
734 1756 916 1811 μεγάλῳ
949 1760 1072 1810 κακῷ
1113 1756 1199 1809 (ap.
1224 1753 1385 1796 Athen.
1409 1754 1471 1795 HI
1495 1755 1587 1795 723
1621 1774 1674 1789 --
1707 1753 1759 1795 fr.
1784 1756 1905 1809 359);
1944 1754 2062 1797 idem

364 1826 538 1870 disertis
572 1826 718 1870 verbis
751 1825 971 1868 rationem
992 1824 1194 1876 reddidit,
1230 1838 1367 1880 quare
1399 1838 1490 1866 non
1522 1838 1733 1879 magnum
1762 1839 1940 1867 carmen
1963 1838 2061 1880 per-

363 1900 548 1954 petuum
566 1896 885 1953 composuisset
912 1896 977 1947 (fr,
999 1898 1082 1938 ‘287
1108 1900 1279 1939 εἵνεκεν
1308 1899 1388 1950 οὐχ
1411 1899 1459 1938 ἓν
1478 1898 1643 1949 ἄεισμα
1661 1897 1860 1951 διηνεκὲς
1878 1899 2060 1951 ἤνυσα);

362 1968 480 2011 idem
519 1968 661 2024 po‘e'tis
693 1967 1015 2010 recentioribus
1058 1965 1402 2019 „1²ecusationis“
1440 1965 1694 2021 exemplum
1725 1965 1916 2008 fortasse
1949 1965 2061 2008 anti-

364 2038 623 2095 quissimum
664 2038 870 2094 praebuit
916 2037 983 2091 (fr.
1023 2040 1102 2079 165
1137 2040 1188 2090 -1-
1222 2039 1309 2079 490
1351 2036 1452 2092 μηδ’
1488 2036 1564 2079 ἀπ’
1601 2038 1705 2090 ε’μεῦ
1748 2038 1907 2092 ὁιφᾶτε
1947 2039 2061 2092 μέγα

364 2112 635 2166 ψοφέουσαν
659 2110 817 2165 ἀοιδὴν
841 2110 1092 2151 τίκτεσθαι·
1118 2111 1313 2164 βροντᾶν
1339 2111 1418 2150 οὐκ
1442 2109 1552 2160 ε’μόν
1582 2108 1696 2149 ἀλλὰ
1720 2106 1820 2160 Διός
1833 2106 1875 2158 ²).
1931 2107 2059 2159 Quid,

364 2181 482 2237 quod
513 2180 558 2222 in
593 2180 729 2235 epigr.
755 2182 811 2222 28
842 2193 1002 2235 poema
1035 2178 1254 2233 cyclicum
1288 2192 1387 2220 cum
1424 2177 1495 2220 via
1528 2177 1689 2220 celebri
1729 2180 1770 2220 et
1806 2191 1905 2220 cum
1943 2178 2061 2233 pusi-

363 2250 521 2293 onibus
570 2250 828 2305 vulgaribus
877 2249 1132 2305 comparat‘?
1195 2249 1266 2291 Me
1315 2248 1351 2290 si
1392 2247 1537 2299 audis,
1581 2247 1877 2290 Callimachus
1928 2248 2062 2290 etiam

361 2322 447 2364 hoc
477 2322 574 2364 loco
610 2335 743 2377 quem
776 2321 1090 2377 disceptamus,
1124 2334 1215 2362 non
1248 2320 1464 2362 adversus
1503 2333 1639 2361 unum
1674 2322 1845 2361 certum
1882 2322 2061 2374 poetam

363 2392 537 2448 epicum
577 2396 761 2448 pugnat,
807 2392 884 2434 sed
926 2392 1140 2435 adversus
1183 2391 1519 2441 obtrectatores,
1564 2389 1639 2445 qui
1681 2389 2061 2445 exprobraverant

363 2477 463 2506 eum
501 2464 700 2505 nondum
739 2462 905 2519 aliquid
942 2462 1100 2518 ingens
1143 2460 1385 2517 scripsisse,
1424 2460 1590 2516 pariter
1629 2460 1953 2516 quodammodo
1992 2474 2060 2503 re-

363 2536 485 2576 cusat
521 2533 757 2590 quominus
789 2533 871 2575 illis
910 2546 1078 2575 morem
1120 2535 1259 2587 gerat.
1324 2532 1384 2574 Ut
1423 2530 1506 2573 alio
1547 2531 1644 2573 loco
1683 2530 1830 2573 faceta
1869 2531 2061 2586 quadam

361 2604 580 2647 modestia
612 2604 657 2646 id
687 2604 869 2656 fecerat,
903 2608 1060 2647 tonare
1091 2617 1183 2645 non
1218 2617 1346 2644 suum
1381 2616 1476 2645 esse
1511 2602 1589 2644 sed
1616 2601 1747 2653 lovis,
1781 2601 1843 2643 ita
1867 2615 1989 2643 nunc
2014 2600 2061 2642 in

478 2745 504 2789 ¹)
531 2745 572 2780 Id
604 2749 660 2780 est
692 2748 732 2780 ἐν.
764 2749 907 2791 μοισᾶν
940 2745 1089 2790 ἀγαθὸν
1120 2744 1233 2786 κλέος
1264 2745 1412 2789 ἔρχεται
1445 2742 1730 2787 ἀνθρώποισιν,
1765 2744 1808 2776 u'n
1842 2741 2059 2777 Theocritus

360 2803 445 2839 XVI
463 2804 507 2838 58
534 2805 681 2845 cecinit3
709 2806 821 2838 etiam
847 2814 939 2846 quae
966 2804 1188 2838 antecedunt
1213 2802 1348 2836 similia
1374 2805 1468 2836 sunt.

478 2863 504 2907 2)
533 2863 730 2897 coniunxit,
740 2862 891 2905 Dilthey
902 2862 1151 2896 analectorum
1163 2860 1475 2896 callimacheorum
1488 2859 1585 2903 (diss.
1595 2859 1707 2893 Bonn.
1718 2870 1748 2893 a.
1763 2859 1868 2903 1865)
1884 2870 1916 2903 p.
1930 2859 1974 2893 31
1984 2869 2057 2902 sqq.

360 2921 584 2955 Vocabulum
598 2923 837 2956 recusationis
853 2923 912 2963 qui
926 2922 1077 2964 invenit,
1104 2921 1125 2954 J
1129 2920 1286 2955 ohannes
1301 2919 1418 2953 Lucas
1437 2918 1630 2963 (Festschr.
1647 2918 1704 2952 fiir
1718 2917 1858 2952 Vahlen
1876 2918 1944 2952 319
1957 2917 2058 2963 sqq.),

360 2988 403 3013 ea
434 2990 520 3013 voce
551 2981 763 3024 angustiore
795 2990 904 3014 sensu
935 2981 1065 3023 utitur,
1104 2983 1147 3014 ut
1177 2978 1314 3013 indicet
1344 2981 1489 3020 poetam
1521 2987 1690 3011 recusare
1722 2977 1912 3018 quominus
1944 2976 2059 3010 amico

359 3048 494 3072 morem
519 3041 634 3082 gerat,
662 3049 785 3082 gerere
810 3042 933 3072 tamen
961 3039 1120 3072 carmine
1146 3037 1201 3072 illi
1226 3038 1344 3071 missa
