2180 3482
362 229 441 268 112
991 224 1044 259 De
1069 224 1202 259 fabulis
1228 225 1414 268 cyrenaeis

357 335 617 382 cretensem,
674 330 908 372 Insulanos
964 330 1131 373 colonis
1176 330 1368 374 theraeis
1414 330 1684 387 opitulantes
1728 331 1900 374 additos
1939 345 2048 375 esse.

355 403 464 444 Inde
496 401 582 443 iam
615 400 914 456 consequitur,
948 403 998 442 ut
1025 400 1246 456 Cyrenaei
1279 415 1325 444 se
1353 404 1485 443 antea
1508 402 1730 444 Theraeos
1764 416 1898 457 quam
1923 402 2048 444 Insu-

354 474 479 515 lanos
503 472 573 514 vel
598 470 834 513 Cretenses
861 471 1147 524 crediderintg
1183 472 1253 514 vel
1281 486 1368 528 quo
1401 471 1518 514 idem
1551 471 1800 514 accuratius
1834 475 1878 514 et
1908 472 2050 528 magis

356 542 587 598 perspicue
611 541 927 596 significemus,
961 544 1009 583 ut
1041 541 1114 584 illa
1144 541 1295 584 fabula
1328 542 1582 598 excogitata
1615 542 1671 584 sit
1703 545 1944 598 antequam
1977 557 2048 585 co-

354 612 443 655 loni
473 627 497 654 a
521 612 655 655 Creta
688 614 822 667 atque
856 625 911 654 ex
945 611 1039 653 aliis
1071 611 1225 654 insulis
1257 613 1329 655 vel
1362 612 1540 655 omnino
1575 613 1775 668 Cyrenas
1807 613 2050 668 migrarent

355 684 424 726 vel
452 683 643 739 aliquem
667 685 786 724 certe
818 682 965 724 locum
997 682 1084 724 illic
1106 682 1483 725 nanciscerentur.
1539 684 1669 726 Batto
1694 686 1843 726 autem
1865 684 1916 725 Π.
1942 698 2047 739 rege

355 753 542 809 legimus
569 753 687 808 apud
709 753 987 795 Herodotum
1012 753 1089 805 (IV
1117 755 1214 806 159)
1241 753 1434 795 Graecos
1458 753 1620 808 Pythia
1642 753 1823 797 iubente
1847 754 2049 809 Cyrenas

353 824 549 880 undique
585 823 916 878 commigrasse3
960 822 1078 865 idem
1117 826 1306 866 testatur
1349 824 1426 877 (IV
1461 826 1557 877 161)
1590 825 1723 867 Batto
1763 826 1941 867 demum
1972 825 2046 867 ΠΙ.

353 909 458 950 rege
491 895 748 949 Cyrenaeos
782 908 807 936 a
837 894 1115 936 Demonacte
1148 894 1322 937 Arcade
1353 894 1399 935 in
1432 897 1522 937 tres
1559 895 1701 937 tribus
1740 895 1903 938 divisos
1937 910 2047 948 esse,

353 980 540 1022 quarum
572 964 757 1021 primam
793 979 816 1008 e
849 964 1059 1007 Theraeis
1100 968 1144 1006 et
1176 964 1398 1007 Perioecis
1438 965 1702 1018 constitisse,
1745 967 1986 1008 secundam
2025 980 2048 1009 e

352 1036 686 1092 Peloponnesiis
725 1039 768 1078 et
801 1035 1104 1087 Cretensibus,
1145 1035 1322 1078 tertiam
1356 1050 1410 1078 ex
1444 1035 1677 1078 Insulanis.
1741 1037 1850 1079 Inde
1883 1036 2047 1092 colligi-

352 1122 450 1149 mus
481 1107 675 1149 fabulam
710 1120 1017 1161 cyrenensem,
1052 1120 1185 1162 quam
1212 1106 1525 1149 additamentis
1557 1106 1682 1163 quasi
1709 1107 1901 1162 quadam
1923 1110 2049 1150 veste

352 1177 560 1221 detractis
579 1177 621 1219 in
646 1177 881 1233 pristinum
903 1176 1137 1219 restituere
1160 1177 1422 1229 studuimus,
1446 1176 1636 1220 fortasse
1659 1180 1763 1219 ante
1781 1178 1961 1219 Battum
1978 1178 2048 1229 IL,

353 1248 448 1291 sine
481 1248 612 1290 dubio
637 1251 741 1290 ante
764 1248 854 1299 HL,
889 1247 1179 1303 compositam
1204 1261 1320 1300 esse3
1362 1247 1666 1290 additamenta
1689 1261 1796 1291 vero
1819 1262 1908 1290 non
1943 1252 2047 1291 ante

351 1321 531 1361 Battum
570 1319 622 1360 ΙΙ.
658 1318 890 1374 Reliquom
936 1321 1016 1369 est,
1058 1321 1108 1360 ut
1150 1317 1399 1360 accuratius
1433 1333 1711 1374 quaeramUS,
1756 1333 1844 1374 qua
1875 1318 2047 1361 ratione

349 1389 512 1441 fabula,
559 1403 692 1445 quam
731 1388 826 1444 ipse
865 1389 1117 1431 Herodotus
1159 1391 1415 1444 spartanam
1454 1391 1600 1440 vocat,
1651 1403 1752 1430 cum
1783 1389 1965 1431 theraea
2004 1391 2048 1431 et

352 1459 589 1515 cyrenensi
626 1460 882 1511 cohaereat,
931 1461 1027 1501 tum
1064 1462 1212 1500 utrum
1253 1473 1305 1501 ea
1347 1473 1447 1500 cum
1486 1458 1731 1514 originibus
1770 1458 2047 1513 Cyrenarum

349 1530 608 1581 thessalicis,
663 1543 687 1572 e
734 1529 895 1586 quibus
946 1529 1142 1572 fabulam
1190 1530 1245 1572 de
1294 1528 1471 1584 Cyrena
1522 1528 1707 1572 heroina
1757 1528 2047 1585 repetivimus

351 1606 408 1657 (p.
433 1604 612 1657 98sqq)‚
647 1600 852 1643 concinat
887 1614 1043 1643 necne.

467 1672 720 1714 Herodotus
759 1671 1024 1714 narrationis
1063 1671 1117 1713 de
1151 1670 1339 1726 Cyrenis
1377 1670 1501 1713 initio
1537 1671 1616 1725 (IV
1644 1673 1724 1712 145
1738 1672 1856 1726 sqq.)
1895 1673 2047 1712 narrat

350 1743 711 1798 Argonautarum
745 1741 1005 1797 progeniem
1028 1742 1196 1784 Lemno
1230 1756 1255 1783 a
1284 1741 1481 1796 Pelasgis
1513 1741 1685 1797 pulsam
1719 1741 1774 1783 ad
1806 1740 2046 1783 Laconiam

351 1813 574 1870 appulisse
613 1816 748 1869 atque
794 1812 839 1854 in
880 1814 1130 1868 Taygetum
1171 1812 1436 1855 escendisse.
1507 1811 1897 1864 Lacedaemonios,
1946 1826 2047 1854 cum

351 1883 670 1940 comperissent
691 1898 765 1926 eos
784 1883 958 1938 Minyas
983 1897 1080 1926 esse
1097 1883 1369 1939 Argonautis
1389 1887 1646 1939 prognatos,
1669 1882 1860 1925 libenter
1876 1882 1923 1923 in
1941 1881 2046 1925 civi-

350 1958 487 1998 tatem
530 1969 605 1997 eos
649 1953 883 2009 recepisse.
949 1954 1071 2006 Quos
1115 1968 1219 1996 mox
1263 1953 1416 1996 mortis
1461 1954 1707 2004 damnatos,
1751 1953 1870 2009 quod
1900 1967 2044 1995 rerum

351 2025 482 2082 potiri
530 2025 678 2068 conati
727 2028 888 2077 essent,
943 2025 998 2067 ab
1046 2025 1259 2067 uxoribus
1308 2024 1410 2077 suis,
1459 2024 1675 2067 Lacaenis
1722 2023 1805 2065 illis
1853 2023 2045 2079 quidem,

348 2096 503 2138 fraude
537 2099 703 2138 structa
736 2098 936 2138 servatos
970 2109 1085 2148 esse3
1120 2098 1215 2137 tum
1246 2110 1399 2137 rursus
1421 2095 1467 2136 in
1490 2096 1741 2150 Taygetum
1776 2094 2044 2149 confugisse.

348 2167 437 2208 Illis
483 2166 758 2222 temporibus
798 2180 904 2208 casu
942 2165 1111 2207 factum
1151 2179 1261 2218 esse,
1310 2169 1359 2207 ut
1397 2166 1565 2208 Theras
1599 2165 1820 2208 Cadmeus
1861 2164 2045 2220 origine,

348 2237 642 2293 Eurysthenis
676 2240 719 2279 et
752 2236 931 2288 Proclis‚
972 2236 1425 2279 Lacedaemoniorum
1464 2250 1634 2291 regum,
1675 2235 1937 2287 avunculus
1976 2238 2045 2277 tu-

347 2308 436 2351 tela
482 2311 696 2364 nepotum
743 2308 946 2350 absoluta
994 2307 1211 2349 coloniam
1251 2307 1443 2349 condere
1483 2306 1787 2350 constitueret.
1863 2306 1979 2348 Eum
2020 2320 2046 2348 a

348 2378 710 2421 Lacedaemoniis
750 2392 840 2420 non
879 2377 1030 2421 invitis
1068 2377 1331 2433 impetrasse
1369 2380 1417 2419 ut
1457 2377 1539 2419 sibi
1571 2377 1725 2420 liceret
1756 2376 1931 2432 Minyas
1964 2376 2046 2418 sibi

349 2450 493 2506 operis
517 2448 659 2491 socios
682 2449 937 2504 adiungere.
992 2449 1080 2491 Eos
1113 2449 1184 2491 illo
1219 2449 1331 2491 duce
1365 2448 1592 2492 civitatem
1625 2462 1830 2504 graecam
1855 2449 2045 2490 Theram

349 2519 597 2563 condidisse
630 2519 675 2561 in
708 2519 851 2561 insula
884 2533 998 2575 quae
1030 2533 1173 2575 usque
1208 2520 1262 2561 ad
1294 2519 1413 2561 illam
1446 2522 1636 2562 aetatem
1673 2518 1853 2561 Calliste
1885 2521 2045 2561 vocata

348 2594 482 2647 atque
530 2605 555 2632 a
598 2590 866 2632 Membliaris
912 2590 1146 2633 Phoenicis
1190 2590 1405 2646 progenie
1449 2590 1649 2632 habitata
1695 2592 1823 2632 esset.
1888 2589 2045 2645 Neque

346 2665 497 2704 tamen
537 2675 690 2703 omnes
722 2661 896 2716 Minyas
937 2675 1037 2703 eum
1077 2664 1253 2703 secutos
1294 2675 1405 2712 esse,
1449 2661 1527 2703 sed
1566 2660 1699 2703 etiam
1731 2660 1967 2716 plerosque
1997 2659 2043 2701 in

349 2734 687 2775 Pareoratarum
741 2736 783 2774 et
830 2731 1091 2774 Cauconum
1140 2745 1296 2786 agrum
1337 2731 1555 2774 invasisse
1597 2730 1747 2786 ibique
1795 2730 2044 2785 complures

346 2803 478 2846 urbes
512 2802 774 2845 condidisse.
840 2802 1062 2859 Sequitur,
1109 2805 1157 2843 ut
1197 2816 1330 2857 supra
1363 2803 1422 2857 (p.
1456 2803 1556 2856 108)
1591 2801 1744 2856 paucis
1776 2800 2042 2852 monuimus,

348 2874 518 2916 Therae
540 2873 686 2915 herois
709 2872 969 2929 progeniem
993 2872 1223 2924 Grinnum,
1259 2873 1430 2915 Therae
1453 2872 1623 2914 insulae
1655 2885 1820 2927 regem,
1854 2870 2042 2926 Pythiae

346 2942 592 2998 imperium,
642 2946 690 2985 ut
730 2943 775 2985 in
808 2943 950 2998 Libya
989 2943 1216 2987 civitatem
1258 2943 1483 2994 conderet,
1532 2942 1578 2984 in
1618 2943 1797 2984 Battum
1836 2941 2042 2983 comitem

348 3013 637 3056 transtulisse.
