2180 3482
347 239 404 279 98
983 235 1037 269 De
1061 234 1195 270 fabulis
1221 235 1407 278 cyrenaeis

348 342 525 385 omnino
564 355 653 383 non
688 343 881 391 constat,
930 343 1074 382 utram
1106 340 1383 396 Polygnotus
1417 343 1595 383 secutus
1630 340 1698 391 sit,
1741 353 1764 382 e
1796 339 2043 383 Pausaniae

347 412 644 468 descriptione
684 426 775 453 non
818 411 973 453 elucet.
1040 410 1320 466 Singularem
1360 410 1442 452 sibi
1480 410 1676 453 fabulam
1707 409 1954 466 Euripides,
1994 414 2041 452 ut

348 484 470 534 solet,
519 482 614 538 ipse
647 480 932 524 concinnavit
967 482 1144 535 (Bacch.
1169 497 1209 524 v.
1235 484 1336 535 337)
1370 481 1561 524 Dianam
1594 480 1790 524 venandi
1822 481 2043 523 aemulum

347 555 484 596 ultam
519 566 626 595 esse.
669 551 876 594 Timaeus
909 565 1014 594 vero
1048 554 1195 595 aetate
1227 552 1503 594 hellenistica
1534 552 1621 594 iam
1653 551 1836 594 ineunte
1869 551 2044 607 scripsit

347 626 432 679 (ap.
457 623 636 665 Diodor.
661 622 722 664 IV
745 624 818 675 81)
843 635 939 664 esse
973 621 1047 678 qui
1081 622 1312 664 crederent
1337 622 1588 664 Aristaeum
1623 622 1772 678 spoliis
1804 621 1849 663 in
1871 621 2044 664 Dianae

345 694 511 750 templo
545 691 758 736 dedicatis
789 692 919 734 huius
951 692 1132 748 nuptias
1165 692 1247 733 sibi
1289 691 1472 748 adipisci
1510 694 1718 735 conatum
1757 706 1871 745 esse,
1911 706 2043 748 quam

344 764 540 807 fabulam
580 778 603 806 e
643 762 885 806 vetustiore
924 763 985 805 ita
1024 763 1243 805 detortam
1282 776 1378 805 esse
1421 766 1619 818 apparet,
1660 766 1707 804 ut
1741 766 1942 819 stuprum
1976 777 2042 805 re·

345 837 613 886 moveretur,
649 834 768 890 quod
798 833 948 876 multis
980 833 1066 875 iam
1091 833 1329 876 offensioni
1353 836 1482 885 esset,
1517 847 1639 876 amor
1661 848 1767 877 vero
1791 834 1845 876 de
1870 834 2044 877 Semela

346 906 390 947 in
422 905 614 947 Dianam
645 904 975 957 transferretur,
1011 918 1125 960 quae
1147 904 1422 947 Actaeonem
1453 904 1550 960 ipsa
1582 904 1811 960 punivisse
1842 919 2043 947 narrare-

345 980 428 1018 tur.
492 976 653 1032 Atque,
697 978 747 1018 ut
794 989 909 1031 quae
955 974 1111 1027 sentio,
1155 974 1363 1031 aperiam,
1410 974 1612 1017 Actaeon
1643 974 1834 1017 Dianam
1878 976 2043 1017 nudam

346 1046 508 1091 vidisse
553 1049 699 1090 aetate
746 1046 935 1089 fortasse
978 1047 1155 1089 demum
1196 1045 1475 1088 hellenistica
1519 1045 1688 1088 narrari
1735 1048 1920 1101 coeptus
1963 1049 2041 1089 est.

348 1118 460 1160 Nam
501 1121 543 1160 et
582 1120 709 1160 tanta
749 1118 858 1160 deae
897 1117 1167 1160 verecundia
1199 1116 1376 1160 novicia
1407 1116 1584 1160 videtur
1617 1123 1659 1159 et
1693 1120 2044 1159 consentaneum

347 1191 413 1232 est
435 1189 711 1232 Actaeonem
742 1188 933 1244 primum
966 1189 1094 1230 deam
1126 1202 1217 1230 non
1250 1187 1440 1230 invitum
1473 1187 1773 1243 conspexisse,
1817 1188 1895 1230 sed
1925 1187 2043 1229 illam

346 1274 396 1302 eo
416 1259 562 1302 animo
582 1262 853 1315 aucupatum
866 1273 973 1312 esse,
986 1262 1034 1301 ut
1054 1258 1146 1301 eius
1166 1257 1494 1314 pulchritudine
1508 1257 1743 1301 frueretur.
1767 1258 1869 1300 Illos
1887 1272 2043 1301 versus

346 1334 510 1381 tamen,
547 1345 645 1372 cum
678 1333 770 1372 tam
796 1344 883 1371 non
911 1329 1137 1384 elegantes
1162 1328 1262 1380 sint,
1297 1328 1503 1384 equidem
1526 1328 1631 1371 satis
1654 1328 1860 1384 antiquos
1882 1328 2041 1373 iudico.

462 1403 521 1444 Ut
546 1400 693 1443 01111113
714 1400 868 1456 paucis
892 1399 1334 1456 comprehendamus
1369 1399 1538 1441 nullum
1560 1398 1864 1441 testimonium
1897 1402 2043 1442 exstat

344 1472 588 1515 Hesiodum
630 1471 675 1513 in
714 1472 836 1513 Eoea
874 1472 928 1513 de
962 1470 1140 1526 Cyrena
1171 1470 1446 1512 Actaeonem
1485 1484 1510 1511 a
1549 1469 1733 1512 canibus
1771 1469 2043 1524 discerptum

343 1557 567 1595 narrasse3
603 1542 736 1585 etiarn
760 1544 933 1584 constat
960 1541 1081 1583 illum
1113 1555 1184 1583 res
1217 1541 1428 1583 adversas
1462 1543 1505 1583 et
1536 1539 1731 1583 flebilem
1765 1543 2042 1582 senectutem

345 1613 548 1666 Aristaei,
583 1627 715 1669 quem
739 1613 870 1655 deum
904 1612 1190 1663 existimaret,
1225 1611 1301 1654 vix
1334 1625 1515 1654 narrare
1547 1611 1764 1667 potuisse;
1799 1624 1955 1654 versus
1988 1611 2042 1653 de

343 1685 572 1726 Actaeone
606 1684 724 1739 apud
755 1683 1072 1739 Apollodorum
1105 1684 1394 1738 personatum
1440 1681 1626 1724 traditos
1677 1681 1782 1724 satis
1835 1680 2042 1737 antiquos

345 1755 439 1797 illos
474 1754 651 1811 quidem
684 1754 805 1796 nulla
832 1768 966 1796 causa
998 1757 1061 1796 est
1094 1767 1171 1795 cur
1194 1753 1249 1795 ad
1271 1753 1437 1795 Eoeam
1461 1753 1516 1795 de
1539 1751 1717 1808 Cyrena
1739 1751 1983 1794 referamus
1998 1751 2040 1806 ¹).

343 1826 414 1878 At,
450 1825 577 1868 sime
600 1825 737 1877 audis,
770 1825 877 1867 illud
910 1839 1089 1867 carmen
1110 1823 1313 1866 Aristaeo
1347 1838 1483 1879 puero
1516 1823 1561 1865 in
1594 1824 1777 1865 deorum
1808 1836 2041 1865 numerum

343 1897 496 1948 relato,
533 1896 605 1938 vel
630 1895 776 1947 etiam,
811 1896 929 1952 quod
962 1895 1067 1937 mihi
1099 1895 1237 1937 multo
1271 1893 1417 1936 minus
1450 1894 1687 1937 verisimile
1721 1893 1908 1945 videtur,
1943 1891 2044 1934 Sirii

344 1967 492 2009 furore
525 1967 579 2008 ab
614 1967 769 2009 eodem
803 1966 977 2022 placato
1012 1965 1372 2008 concludebatur.

1177 2098 1202 2137 2

462 2180 555 2221 Iam
588 2193 613 2221 a
645 2178 874 2222 vestibulis
908 2182 949 2221 et
985 2178 1106 2220 aditu
1139 2178 1185 2220 in
1216 2177 1312 2234 ipsa
1336 2177 1608 2234 quaestionis
1632 2176 1877 2233 penetrajia
1898 2179 2041 2219 trans-

344 2251 614 2306 grediamur:
650 2249 866 2291 Pindarus
890 2248 1051 2291 cecinit
1075 2249 1220 2303 (Pyth.
1238 2249 1277 2291 V
1293 2251 1342 2290 21
1361 2253 1474 2304 sqq.)
1501 2248 1707 2303 Cyrenen
1732 2246 1849 2290 feras
1871 2247 2043 2303 Hypsei

345 2321 481 2377 patris
515 2336 539 2362 a
571 2335 733 2376 pecore
756 2320 964 2371 arcuisse,
1014 2319 1057 2361 in
1084 2319 1190 2362 Pelii
1215 2322 1272 2373 (v.
1299 2322 1339 2371 5)
1370 2319 1483 2360 saltu
1508 2333 1607 2361 cum
1630 2318 1759 2361 leone
1783 2317 1878 2360 sine
1910 2317 2042 2360 armis

345 2392 590 2443 dimicasse,
641 2390 937 2433 Callimachus
977 2391 1034 2444 (11.
1059 2390 1103 2431 111
1135 2390 1276 2446 Apoll.
1306 2405 1346 2433 v.
1373 2391 1556 2446 9lsqq.)
1597 2403 1693 2431 eam
1734 2388 1780 2430 in
1819 2389 2043 2444 Myrtussa

347 2463 457 2506 colle
490 2476 710 2518 cyrenaeo
744 2462 919 2504 leonem
957 2460 1247 2513 interfecisse,
1289 2460 1364 2517 qui
1395 2459 1614 2516 Eurypyli
1652 2472 1811 2515 greges
1851 2460 2039 2502 voraret.

463 2570 488 2612 ¹)
516 2568 615 2602 Nihil
640 2569 677 2601 in
703 2568 770 2602 1130
796 2569 1008 2610 quaestione
1034 2567 1089 2601 illi
1115 2567 1378 2610 comparationi
1403 2566 1524 2600 tribuo
1552 2576 1659 2608 quam
1684 2565 1883 2600 Maltenius
1916 2564 1962 2609 (p.
1982 2564 2040 2608 25)

344 2629 439 2661 inter
466 2628 599 2661 Eoeam
625 2627 667 2661 de
695 2627 836 2670 Cyrena
863 2638 884 2660 a
910 2637 946 2660 se
978 2627 1191 2661 restitutam
1217 2629 1254 2660 et
1279 2626 1414 2659 Eoeam
1439 2625 1481 2659 de
1508 2624 1683 2659 Coronide
1709 2634 1731 2657 a
1756 2623 2041 2658 Wilamowitzio

343 2687 516 2720 refectam
541 2687 716 2720 instituit.
756 2686 860 2728 Nam,
887 2689 929 2719 ut
956 2686 1124 2719 omittam
1149 2685 1265 2718 Eoeas
1292 2685 1368 2718 sine
1395 2683 1501 2717 dubio
1528 2693 1599 2717 non
1625 2683 1670 2716 ab
1696 2692 1766 2716 uno
1793 2685 1902 2725 poeta
1926 2691 2041 2724 neque

343 2756 413 2779 una
450 2748 573 2779 aetate
609 2745 826 2787 compositas
862 2754 948 2783 esse,
982 2747 1023 2778 ut
1059 2744 1341 2778 concinnitatem
1372 2745 1450 2776 tam
1475 2744 1687 2775 accuratam
1711 2743 1893 2782 requirere
1918 2740 2040 2783 liceat,

344 2803 543 2838 similitudo
582 2805 676 2838 inter
715 2802 779 2837 illa
818 2803 886 2837 duo
922 2804 1083 2837 carmina
1115 2802 1319 2844 intercedit,
1358 2810 1481 2835 verum
1517 2801 1547 2834 si
1580 2799 1747 2840 fatemur,
1786 2799 1896 2833 nulla.
1946 2799 2041 2833 Nam

344 2863 544 2904 Aristaeus,
572 2864 633 2904 qui
661 2862 805 2896 deorum
833 2861 934 2895 donis
961 2861 1176 2904 cumulatur,
1203 2871 1275 2894 non
1300 2860 1376 2903 ipse
1402 2861 1539 2902 peccat,
1573 2861 1615 2891 ut
1641 2857 1890 2901 Aesculapius,
1916 2867 2040 2891 verum

343 2921 456 2962 ipsius
482 2920 577 2954 filius
604 2921 781 2961 Actaeon;
810 2930 881 2954 non
907 2919 1034 2962 Apollo
1062 2920 1283 2954 Actaeonem
1308 2917 1507 2959 ulciscitur,
1535 2916 1596 2950 sed
1623 2917 1762 2959 Diana;
1797 2916 1976 2959 Apollinis
2001 2916 2039 2949 in

345 2988 384 3012 eo
430 2980 597 3021 carmine,
637 2979 730 3020 quod
768 2978 967 3013 Maltenius
1006 2978 1121 3021 finxit,
1169 2981 1293 3022 partes
1333 2976 1493 3019 aliquae,
1535 2974 1754 3018 Delphorum
1795 2975 1854 3009 vel
1886 2973 2041 3018 delphici

344 3037 523 3080 Apollinis
550 3047 694 3079 prorsus
721 3037 842 3071 nullae
867 3036 1023 3071 fuerunt.
