2180 3482
340 241 396 282 36
973 236 1026 270 De
1052 235 1183 279 hymno
1214 233 1393 279 Apollinis

340 343 637 400 repugnarim,
678 356 798 385 nunc
837 342 1091 398 adstipulor.
1155 340 1419 384 Aedificium
1464 340 1580 384 enim
1619 341 1690 384 vel
1729 340 1874 396 potius
1913 338 2030 381 aedi-

340 415 427 457 ficii
475 413 686 469 reliquiae
734 412 923 456 effossae
977 416 1101 465 sunt,
1161 412 1205 454 in
1252 412 1320 453 his
1367 412 1607 454 nonnullae
1654 411 1781 467 pilae,
1846 424 2031 466 quarum

341 485 533 541 capitula
565 487 792 527 taurorum
825 483 1014 539 genibus
1046 483 1300 525 innixorum
1333 482 1378 524 in
1400 482 1590 537 figuram
1615 481 1891 524 conformata
1914 483 2030 532 sunt,

343 559 384 598 et
418 556 556 598 moles
588 555 701 597 illius
733 555 963 597 marmoris
991 555 1109 610 quod
1135 568 1256 596 nunc
1283 553 1338 595 ab
1370 552 1490 595 Italis
1516 552 1742 608 „granito“
1772 551 2030 608 appellatur.

342 627 453 668 Cum
487 640 620 682 saepe
658 626 703 667 in
741 625 878 667 titulis
918 624 1041 668 deliis
1075 626 1442 667 commemoretur
1481 637 1641 679 operae
1675 622 1780 665 satis
1818 622 2032 677 grandem

340 697 590 740 mercedem
635 696 880 739 artificibus
923 696 1111 737 solutam
1156 694 1357 737 aedificio
1401 693 1587 745 cuidam,
1652 693 1771 750 quod
1817 693 2034 749 Κερατών

341 772 539 820 vocatur,
559 767 630 811 vel
648 766 926 810 resarciendo
946 766 1016 809 vel
1035 765 1300 821 expoliendo
1318 765 1548 820 impensae
1564 777 1753 820 cumque
1772 763 2034 806 Plutarchus

344 839 481 881 altero
504 839 599 880 loco
625 838 770 891 (Thes.
796 840 866 889 21)
892 851 1011 879 aram
1035 836 1150 878 illam
1173 837 1252 879 τὸν
1274 837 1530 892 Κερατῶνα
1551 838 1708 891 βωμόν
1731 833 2033 890 appellaverit,

343 909 444 952 inde
466 909 712 951 Homollius
736 907 956 950 concludit
980 907 1040 948 illi
1062 905 1263 949 aedificio
1286 920 1451 949 nomen
1472 907 1711 962 Κερατῶνι
1733 905 1887 957 fuisse,
1917 905 2035 960 quod

342 980 528 1036 pilarum
562 979 708 1035 capita
741 978 948 1021 cornibus
981 980 1137 1020 ornata
1168 977 1348 1029 fuerint,
1383 977 1521 1020 moles
1552 976 1646 1018 illas
1678 976 1805 1018 basin
1836 982 1914 1018 τοῦ
1945 975 2034 1018 Κε-

343 1054 522 1108 ρατίνου
546 1053 702 1106 βωμοῦ
734 1049 883 1092 fuisse.
937 1048 1201 1091 Aedificium
1234 1062 1339 1092 vero
1374 1048 1504 1104 quale
1536 1047 1706 1099 fuisset,
1740 1046 1941 1088 Nenotus
1967 1060 2034 1088 ar-

344 1122 561 1164 chitectus
595 1120 847 1171 delineavit,
881 1123 929 1161 ut
963 1134 1081 1161 aram
1115 1119 1231 1161 illam
1264 1133 1354 1161 non
1395 1122 1499 1161 ante
1532 1117 1783 1161 aedificium
1817 1117 1898 1159 sub
1931 1116 2034 1160 divo

345 1193 422 1235 sed
455 1192 499 1233 in
540 1191 740 1235 conclavi
773 1190 943 1247 postico
978 1190 1115 1233 fuisse
1154 1189 1382 1241 indicaret,
1416 1189 1491 1231 ubi
1524 1189 1622 1232 illae
1654 1188 1792 1231 moles
1823 1187 2035 1231 inventae

346 1266 508 1306 essent.
572 1263 627 1304 Et
661 1261 868 1304 Homollii
901 1261 1140 1317 disputatio
1181 1264 1223 1304 et
1262 1260 1425 1303 Nenoti
1465 1259 1700 1303 delineatio
1739 1258 1844 1301 mihi
1884 1258 2035 1300 diutis-

345 1335 452 1376 sime
491 1348 580 1376 non
621 1332 800 1375 omnino
840 1332 1018 1388 probari
1055 1334 1310 1387 potuerunt.
1376 1330 1600 1373 Plutarchi
1640 1330 1757 1373 enim
1795 1329 2036 1372 auctoritas

343 1404 448 1446 mihi
481 1419 571 1446 non
603 1407 694 1446 tam
727 1403 875 1458 gravis
908 1403 1142 1446 videbatur
1182 1417 1314 1458 quam
1348 1401 1586 1445 Homollioz
1630 1415 1733 1444 nam
1765 1401 1836 1443 ille
1879 1400 2036 1456 quovis

345 1477 475 1518 modo
510 1490 629 1518 aram
663 1488 869 1516 corneam
909 1476 953 1517 et.
992 1473 1243 1516 aedificium
1283 1472 1501 1525 confudit3
1543 1486 1566 1515 e
1604 1471 1882 1514 documentis
1920 1470 2037 1514 enim

345 1546 467 1589 deliis
479 1548 513 1602 1)
547 1545 653 1588 satis
687 1547 872 1601 apparet
903 1546 982 1587 τὸν
1005 1545 1260 1601 Κερατῶνα
1292 1542 1543 1586 aedificium
1570 1546 1738 1585 tectum
1764 1542 1900 1585 fuisse
1933 1541 2038 1584 satis

344 1632 570 1673 magnum,
625 1616 695 1659 cui
729 1614 992 1671 expoliendo
1026 1629 1116 1657 non
1148 1629 1315 1671 parvus
1348 1617 1550 1670 sumptus
1582 1613 1927 1670 impenderetur.
1993 1612 2038 1655 Si

345 1692 492 1732 autem
526 1687 788 1729 Plutarchus
821 1686 907 1728 duo
941 1685 1115 1729 diversa
1140 1685 1186 1727 in
1212 1700 1351 1727 unum
1374 1684 1638 1736 confuderit,
1674 1683 1771 1740 quis
1793 1683 1880 1726 iam
1905 1697 2036 1740 spon-

346 1760 447 1802 deat
480 1773 571 1801 non
603 1759 860 1814 Κεράτινον
894 1760 1050 1813 βωμόν
1090 1760 1224 1813 atque
1256 1758 1511 1814 Κερατῶνα
1543 1755 1643 1798 Deli
1675 1755 1828 1798 ambos
1862 1754 2039 1811 quidem

347 1831 424 1873 sed
457 1829 642 1873 diversis
679 1828 787 1871 locis
820 1828 969 1880 fuisse,
1009 1827 1091 1870 illis
1123 1827 1231 1869 nihil
1264 1841 1443 1883 prorsus
1483 1840 1718 1869 commune
1755 1825 2039 1869 interfuisse?

346 1900 531 1943 Accedit
562 1904 611 1942 ut
642 1913 733 1942 non
765 1899 837 1941 illa
869 1913 958 1940 una
989 1899 1034 1940 in
1066 1898 1193 1941 terris
1227 1898 1421 1954 capitula
1453 1896 1672 1953 capitibus
1704 1900 1933 1940 taurorum
1972 1910 2038 1939 or-

346 1974 452 2014 nata
484 1971 585 2023 sint,
620 1985 775 2014 verum
808 1969 892 2012 alia
916 1969 1143 2025 Persepoli
1175 1969 1218 2010 in
1246 1968 1449 2011 domibus
1472 1982 1629 2023 regum
1649 1967 1773 2010 Darii
1796 1971 1840 2010 et
1861 1967 2039 2018 Xerxis,

350 2057 461 2098 opus
493 2042 681 2084 fortasse
706 2041 863 2083 Ionum
897 2040 1131 2091 artificum,
1166 2039 1250 2082 alia
1275 2039 1440 2094 Ephesi
1462 2039 1508 2080 in
1535 2038 1736 2081 aedificio
1760 2038 1791 2080 I.
1817 2052 1854 2080 a.
1876 2037 1976 2081 Chr.
1995 2052 2038 2079 n.

353 2113 528 2156 saeculo
563 2114 809 2155 exstructo:
845 2112 972 2167 plura
994 2111 1182 2167 quisque
1205 2110 1415 2166 antiquae
1438 2109 1543 2152 artis
1569 2108 1736 2165 peritus
1770 2108 1982 2151 indicabit
1995 2108 2039 2162 2),

350 2187 399 2226 ut
431 2183 610 2226 minime
644 2197 754 2238 opus
788 2181 843 2223 sit.
876 2184 1042 2224 certam
1075 2181 1300 2238 requirere
1332 2194 1524 2232 causam,
1559 2194 1638 2222 cur
1668 2179 1740 2222 illa
1772 2179 1965 2236 capitula
1996 2179 2041 2221 in

348 2258 576 2297 taurorum
608 2253 776 2308 figuras
808 2252 998 2295 formata
1030 2252 1129 2294 sint.
1185 2252 1434 2303 Praeterea,
1469 2265 1570 2293 cum
1594 2250 1888 2293 Callimachus
1920 2264 2040 2293 aram

350 2340 373 2368 e
409 2339 641 2381 caprarum
673 2323 880 2366 cornibus
914 2326 1171 2366 contextam
1210 2325 1372 2374 narret,
1413 2336 1500 2378 quo
1539 2321 1634 2364 iure
1673 2335 1907 2364 censemus
1944 2324 2040 2363 tau-

351 2411 499 2438 rorum
541 2395 687 2450 capita
727 2395 881 2437 eodem
921 2393 1173 2450 pertinere?
1243 2393 1367 2445 Quae
1406 2392 1519 2434 tanti
1559 2391 1767 2448 ponderis
1807 2394 1952 2444 erant,
1992 2395 2041 2434 ut

350 2467 423 2509 diu
457 2465 755 2509 existimarem
788 2465 1055 2508 Homollium
1088 2465 1341 2522 Κερατῶνα
1375 2463 1597 2515 effodisse,
1631 2477 1752 2505 aram
1785 2477 1891 2506 vero
1924 2463 2041 2505 illam

470 2633 494 2677 ¹)
528 2632 686 2674 Quorum
716 2632 929 2666 testimonia
960 2632 997 2664 in
1030 2629 1201 2664 Homollii
1234 2629 1482 2673 disputatione
1521 2629 1716 2673 diligenter
1753 2631 1790 2662 et
1822 2627 1974 2662 collecta
2005 2631 2042 2662 et

350 2692 536 2735 proposita
562 2694 658 2725 sunt.
709 2690 764 2724 Ex
790 2690 845 2724 his
871 2700 962 2732 quae
988 2700 1102 2733 nuper
1128 2691 1357 2723 accesserunt
1383 2687 1552 2732 (exempli
1571 2697 1682 2722 causa
1699 2688 1842 2721 nomino
1860 2686 1919 2721 IG
1937 2687 1989 2721 XI
2009 2687 2040 2730 2,

352 2751 418 2784 144
442 2751 471 2784 Β
495 2750 547 2784 15.
568 2750 629 2792 33;
664 2749 731 2784 158
748 2749 780 2782 A
799 2750 861 2791 763
896 2749 961 2783 161
981 2749 1012 2782 A
1033 2748 1116 2791 101;
1150 2747 1217 2782 162
1238 2747 1269 2781 Α
1287 2746 1350 2789 48;
1385 2747 1452 2781 199
1470 2747 1502 2781 Α
1519 2747 1580 2788 36;
1614 2746 1692 2788 203,
1713 2746 1768 2779 47.
1788 2745 1849 2788 483
1881 2746 1960 2789 204,
1979 2746 2040 2788 573

351 2810 419 2843 205
436 2810 457 2843 b
477 2809 537 2851 203
565 2809 633 2843 219
651 2809 683 2842 Α
701 2809 762 2850 393
796 2808 875 2851 271,
897 2808 934 2850 4;
968 2807 1035 2842 287
1055 2808 1086 2841 Α
1106 2807 1158 2841 66.
1187 2806 1268 2851 111)
1295 2805 1385 2840 nihil
1416 2805 1489 2839 fere
1515 2806 1600 2839 novi
1627 2804 1826 2847 didicimus,
1853 2805 1923 2838 nisi
1948 2805 2041 2846 quod

350 2868 453 2902 tituli
478 2868 590 2902 BCH
617 2867 773 2902 XXXIV
806 2867 906 2909 1910,
939 2866 1088 2901 tabulae
1119 2867 1275 2909 paginae
1309 2865 1375 2899 122
1408 2864 1572 2898 adiectae
1599 2874 1616 2897 e
1647 2874 1679 2897 v.
1700 2863 1744 2897 29
1777 2862 1857 2907 [τὴν
1883 2862 2043 2908 ὀρο]φὴν

351 2926 444 2970 [τοῦ]
472 2927 695 2972 Κερατῶνος
721 2925 955 2960 confirmatur
980 2925 1068 2959 illud
1094 2923 1296 2959 aedificium
1322 2926 1459 2957 tectum
1485 2923 1606 2957 fuisse.

470 2986 496 3027 3)
525 2985 594 3019 Cfr.
621 2986 798 3029 imagines
832 2984 1072 3028 capitulorum
1103 2984 1328 3017 Persicorum
1361 2982 1455 3025 apud
1489 2981 1675 3025 Springer-
1663 2979 1876 3022 —Michaelis‚
1904 2980 2042 3014 Kunst-

353 3043 559 3087 geschichte
586 3044 629 3085 19,
657 3044 766 3087 2053,
794 3043 1018 3086 ephesiorum
1037 3043 1132 3086 apud
1151 3042 1326 3086 Wilberg,
1354 3031 1488 3075 0ster.r
1508 3039 1670 3075 Jahresh.
1690 3039 1760 3073 XII
1788 3040 1888 3082 1909,
1914 3039 1979 3073 102
1990 3049 2041 3080 sq.
