2180 3482
338 266 418 304 134
966 259 1019 294 De
1045 260 1177 294 fabulis
1203 261 1390 303 cyrenaeis

333 368 450 411 enim
474 369 693 409 Homerus
716 367 973 420 Magnetum
998 380 1149 420 regem
1172 365 1358 417 dixerat,
1384 364 1458 420 qui
1482 365 1537 406 ad
1559 366 1757 407 Peneum
1786 367 1827 406 et
1856 364 2024 406 Pelium

330 437 600 487 habitarentg
636 435 705 477 hic
740 438 798 489 (v.
824 438 909 477 899
923 438 1004 491 sq.)
1040 436 1230 478 eundem
1262 439 1341 478 τόν
1373 435 1408 478 τ’
1445 437 1492 477 ἐκ
1514 436 1814 491 Παλαύθρων
1837 437 2024 490 ἔκγονον

336 508 663 562 Τενθρηδόνος,
698 506 977 561 Ἀμφρυσίων
1011 513 1294 562 σκηπτοῦχον
1328 508 1641 561 Εὐρυαμπίων
1680 505 1887 560 appellat,
1928 506 2024 547 Πά-

328 579 510 633 λαυθρα
553 591 658 620 vero
693 590 806 632 quae
848 576 933 618 alia
970 576 1075 617 urbs
1117 590 1214 618 esse
1256 579 1403 631 potest
1444 575 1527 617 nisi
1559 577 1860 632 Σπάλαυθρα,
1901 574 2025 617 cuius

330 648 450 690 urbis
484 651 525 690 et
560 647 674 689 tituli
700 650 743 689 et,
766 646 1011 702 parietinae
1033 645 1079 687 in
1101 646 1332 701 Magnesia
1353 646 1399 687 in
1421 646 1602 697 lacerto,
1627 650 1675 687 ut
1696 645 1758 688 ita
1779 646 2024 701 loquamur,

331 718 453 760 sinus
487 717 700 773 Pagasaei
734 731 876 773 nuper
908 716 1093 760 inventa
1132 716 1306 763 sunt¹)?
1369 716 1437 758 De
1469 716 1751 772 Euryampiis
1790 715 1897 757 nihil
1935 730 2024 758 me-

331 788 496 830 moriae
528 788 739 830 traditum
773 790 852 839 est,
893 787 970 829 sed
1003 786 1282 842 Amphrysus
1315 801 1407 829 non
1437 787 1571 841 longe
1604 787 1658 829 ab
1692 787 1804 829 Halo
1843 786 1942 828 fluit
1981 786 2025 827 in

331 858 500 900 Achaia
532 857 785 900 Phthiotide
819 857 862 899 in
897 857 1102 913 opposita
1134 856 1255 898 sinus
1289 856 1504 911 Pagasaei
1535 855 1632 912 ripa
1664 857 1827 910 (Strab.
1852 857 1915 898 IX
1938 859 2025 899 433

329 944 369 984 p.
395 931 493 981 610,
513 931 568 970 23
581 929 642 981 Μ;
676 931 776 980 435,
801 943 841 984 p.
867 930 965 979 614,
992 930 1072 975 17).
1129 927 1173 969 Si
1203 941 1309 971 vero
1333 927 1493 969 fabulis
1515 927 1610 969 istis
1634 927 1878 982 cyrenaeis,
1914 942 2024 983 quas

329 1000 598 1055 Lycophron
632 999 853 1055 exprimit,
887 1002 977 1040 tam
1010 997 1201 1040 fideliter
1234 997 1487 1041 Thessaliae
1527 997 1726 1040 condicio
1765 1012 2024 1053 repraesen-

328 1073 459 1121 tatur,
500 1084 615 1126 quae
654 1073 748 1112 erat
786 1069 858 1111 illa
896 1072 1042 1111 aetate
1082 1083 1170 1125 qua
1202 1068 1400 1111 Thessali
1434 1069 1489 1111 ad
1521 1068 1708 1123 Libyam
1739 1067 2024 1123 navigarunt,

328 1144 374 1182 ut
409 1141 622 1183 adversus
654 1139 835 1182 Homeri
868 1139 1178 1182 auctoritatem
1212 1139 1393 1182 Prothoi
1426 1140 1616 1195 populus
1649 1139 1694 1181 in
1726 1142 1916 1195 utraque
1949 1153 2025 1181 ora

329 1210 450 1252 sinus
483 1210 698 1266 Pagasaei
737 1211 1040 1261 collocaretur,
1090 1225 1176 1266 quo
1226 1213 1327 1266 post
1361 1210 1625 1265 Catalogum
1665 1209 2026 1265 transmigrasset

328 1281 536 1337 undeque
569 1282 623 1323 ad
657 1281 841 1336 Libyam
876 1280 1103 1336 profectus
1137 1284 1251 1322 esset
1293 1283 1456 1336 (neque
1490 1280 1606 1323 enim
1646 1280 1772 1323 aliter
1809 1279 1914 1321 mihi
1953 1279 2026 1322 illa

330 1351 630 1407 discrepantia
664 1351 876 1408 explicari
910 1365 1040 1407 posse
1073 1350 1322 1405 vicletui·)²),
1357 1366 1444 1407 quo
1477 1351 1571 1394 iure
1605 1351 1817 1393 sumimus
1844 1350 2025 1406 originis

449 1469 474 1513 ¹)
502 1469 572 1503 Cfr.
592 1470 651 1504 IG
669 1469 721 1503 IX
739 1470 771 1511 2,
797 1480 829 1512 p.
849 1469 928 1503 231.
948 1469 1026 1503 245.

447 1529 473 1569 2)
500 1529 771 1572 Lycophronem
797 1539 867 1562 non
895 1528 939 1562 ab
966 1528 1120 1562 Homero
1139 1528 1293 1570 pendere
1319 1528 1380 1562 sed
1399 1528 1643 1562 condicionem
1661 1528 1872 1562 recentioris
1890 1528 2025 1561 aetatis

329 1590 601 1630 repraesentare
628 1588 764 1630 primus
792 1588 1000 1621 acutissime
1019 1587 1227 1621 observavit
1245 1587 1421 1621 Ernestus
1440 1586 1549 1621 Maass
1569 1598 1601 1630 p.
1618 1587 1686 1620 342
1698 1597 1772 1628 sqq.
1816 1586 1884 1628 Qui
1901 1589 2024 1620 tamen

330 1657 411 1680 cnm
437 1647 532 1680 veris
557 1646 660 1689 falsa,
689 1647 798 1680 certis
823 1647 964 1679 incerta
991 1645 1253 1686 admiscuisset,
1281 1656 1406 1680 rursus
1432 1656 1577 1680 necesse
1605 1649 1684 1679 erat
1716 1648 1834 1679 totam
1865 1646 2025 1687 quaesti-

329 1716 431 1738 onem
459 1705 500 1738 de
526 1706 669 1749 integro
696 1708 868 1739 tractare.
912 1705 962 1738 Ut
988 1715 1058 1738 non
1084 1708 1182 1739 recte
1200 1715 1351 1749 negasse
1370 1705 1514 1739 videtur
1531 1704 1730 1739 Prothoum
1747 1703 2025 1748 lycophroneum

328 1775 397 1798 non
425 1764 539 1798 solum
565 1764 812 1798 Phthiotidem
839 1764 899 1798 sed
927 1766 1039 1798 etiam
1064 1764 1275 1808 Magnesiae
1302 1767 1438 1797 certam
1470 1767 1612 1806 partem
1643 1764 1788 1798 rexisse.
1841 1763 1929 1797 Cum
1955 1763 2025 1805 Ly-

331 1822 486 1866 cophron
520 1823 644 1857 Guneo
676 1823 833 1857 Prothoo
866 1823 1050 1866 Eurypylo
1084 1824 1372 1857 commemoratis
1407 1823 1462 1857 vel
1492 1823 1614 1866 potius
1646 1822 1790 1856 illorum
1820 1822 2026 1857 nominibus

330 1882 613 1924 circumscriptis
641 1883 712 1916 iam
739 1882 891 1916 adiciat:
924 1893 1065 1925 „eorum
1092 1885 1287 1916 nautarum
1315 1885 1350 1916 οἱ
1375 1884 1449 1927 μὲν
1474 1881 1690 1927 Αἰγώνειαν
1716 1881 1853 1916 ἄθλιοι
1879 1882 2024 1926 πάτραν

327 1940 549 1982 ποθοῦντες,
577 1944 611 1974 οἱ
639 1941 669 1974 ‹5‘
697 1940 868 1985 Ἐχῖνον,
896 1944 931 1974 οἱ
959 1942 997 1975 δὲ
1029 1941 1187 1986 Τίταρον
1215 1940 1322 1986 Ἶρόν
1346 1954 1383 1974 τε
1406 1942 1470 1975 καὶ
1494 1940 1662 1986 Τραχῖνα
1681 1942 1745 1974 καὶ
1764 1939 2024 1985 Περραιβικᾶ]ν

329 1999 477 2032 Γόννον
507 1999 714 2033 Φάλαννάν
742 2000 768 2032 τ’
797 2000 851 2043 ἡδ’
880 1999 1128 2034 Ὀλοσσόνων
1160 2001 1252 2044 γύας
1283 2001 1346 2034 καὶ
1378 2000 1629 2033 Κασταναίαν
1660 1999 1789 2033 misere
1819 1999 2022 2042 peribunt‘,

325 2058 406 2091 inde
434 2058 616 2092 concludit
641 2058 810 2092 Maassius
837 2058 1028 2092 eorundem
1054 2069 1168 2102 regna
1194 2060 1266 2092 iam
1293 2058 1415 2092 ordine
1440 2060 1584 2092 inverso
1610 2058 1751 2101 respici.
1796 2057 1894 2100 Quod
1923 2057 2023 2092 dubi-

325 2117 529 2150 tationibus
549 2116 743 2150 obnoxium
762 2120 826 2150 est.
854 2117 946 2151 Nam
966 2118 1130 2160 Aegonia
1148 2118 1273 2158 utique
1295 2117 1478 2160 Eurypylo
1498 2117 1678 2160 assignari
1696 2116 1851 2150 fortasse
1871 2118 2021 2159 poterit,

325 2176 355 2209 si
382 2175 527 2209 scholiis
554 2176 647 2209 enim
674 2175 719 2209 ad
745 2177 863 2218 ipsum
890 2186 1033 2210 carmen
1060 2176 1254 2218 adscriptis
1280 2177 1356 2209 sive
1383 2186 1404 2209 a
1424 2175 1605 2218 Stephano
1633 2185 1658 2209 s.
1678 2186 1710 2209 v.
1731 2176 1923 2219 exscriptis
1950 2185 2023 2209 cre-

326 2233 453 2276 dimus,
480 2235 516 2267 in
536 2234 670 2268 Malide
696 2234 783 2276 fuit3
811 2234 1019 2268 Ormenium
1037 2245 1132 2277 vero,
1160 2234 1253 2277 quod
1278 2234 1455 2268 Homerus
1473 2233 1651 2277 Eurypyli
1677 2235 1781 2278 regni
1807 2237 1917 2276 caput
1943 2244 2022 2268 cen-

326 2293 440 2326 suisse
466 2293 611 2326 videtur
637 2293 685 2337 (B
704 2293 784 2335 734)
811 2304 881 2327 non
908 2293 1013 2337 longe
1040 2306 1061 2327 a
1086 2293 1187 2327 Pelio
1214 2293 1275 2327 ubi
1307 2296 1435 2336 postea
1461 2293 1666 2327 Demetrias
1699 2293 1845 2327 condita
1877 2296 1942 2335 est,
1976 2293 2022 2326 ad

323 2353 607 2394 septentrionem
633 2353 748 2396 igitur
766 2352 922 2394 Malidis,
951 2353 995 2386 ab
1022 2363 1065 2387 ea
1091 2353 1229 2387 sinibus
1248 2353 1437 2396 Pagasaeo
1465 2355 1501 2386 et
1522 2352 1676 2386 Maliaco
1704 2353 1916 2386 seiunctum.
1953 2351 2022 2387 Sed

324 2409 401 2443 fieri
432 2411 553 2452 potuit
588 2414 629 2445 ut
654 2411 863 2454 Eurypylus
902 2413 956 2445 ita
995 2412 1038 2445 ad
1080 2411 1265 2445 meridiem
1300 2421 1425 2445 versus
1457 2413 1717 2445 transferretur
1754 2413 1796 2444 ut
1830 2410 2020 2445 Prothous.

324 2468 484 2503 Echinus
519 2469 576 2503 vel
613 2471 734 2513 aptius
770 2470 928 2504 Prothoo
970 2471 1168 2513 tribuetur,
1218 2470 1507 2512 quandoquidem
1541 2469 1744 2504 Palauthra
1784 2470 1944 2505 obtinuit
1984 2471 2022 2504 in

325 2528 449 2561 eadem
476 2529 575 2562 sinus
600 2529 781 2572 Pagasaei
809 2539 880 2563 ora.
934 2529 1001 2564 Sed
1035 2540 1102 2571 quo
1135 2531 1212 2564 iure
1241 2529 1419 2571 Gonnum,
1446 2529 1684 2571 Phalannam,
1712 2529 1896 2572 Olossona,
1929 2540 2020 2572 quae

329 2596 450 2620 omnes
476 2587 582 2621 urbes
608 2588 646 2621 in
663 2588 884 2622 Perrhaebia
911 2589 1004 2622 sitae
1031 2592 1137 2622 erant
1155 2588 1199 2622 ad
1218 2589 1502 2632 septentrionem
1518 2588 1625 2623 fluvii
1644 2590 1765 2631 Penei,
1790 2589 2019 2630 Castaneam,

325 2654 416 2685 quae
443 2645 513 2680 fuit
538 2646 575 2679 in
601 2647 682 2689 ipsa
708 2647 1003 2689 septentrionalis
1029 2647 1240 2691 Magnesiae
1266 2649 1382 2690 partis
1410 2659 1472 2682 ora
1498 2648 1542 2682 ad
1569 2649 1852 2691 septentrionem
1877 2647 2020 2690 paludis

327 2704 493 2747 Boebiae,
521 2705 638 2738 eidem
657 2704 774 2739 Gunei
793 2716 903 2749 regno
932 2706 1210 2750 assignabimus,
1239 2707 1296 2740 cui
1316 2707 1498 2740 Trachina
1523 2707 1647 2740 urbem
1673 2706 1775 2740 illam
1793 2706 1935 2748 quidem
1954 2706 2020 2740 sub

323 2763 400 2804 ipso
428 2764 520 2797 Oeta
555 2765 736 2806 positam?
790 2764 892 2807 Nam,
929 2764 1022 2806 quod
1058 2765 1227 2799 Maassius
1263 2775 1305 2799 ex
1340 2765 1405 2799 hoc
1437 2767 1515 2808 ipso
1548 2765 1624 2799 loco
1658 2764 1769 2799 efficit
1801 2765 2018 2799 Trachinam

324 2820 479 2854 alteram
505 2821 616 2856 fuisse
642 2823 679 2856 in
697 2822 887 2857 Thessalia
913 2823 1191 2866 septentrionali
1216 2824 1383 2866 positam,
1411 2828 1556 2858 nostrae
1584 2825 1675 2858 artis
1701 2824 1798 2868 leges
1824 2823 2018 2858 manifesto

322 2880 601 2923 transgreditur.
652 2882 804 2916 Accedit
830 2882 923 2923 quod
948 2883 1039 2925 Irus,
1073 2893 1182 2924 quam
1206 2883 1301 2917 idem
1328 2882 1451 2916 Guneo
1479 2884 1661 2926 assignat,
1697 2893 1768 2917 non
1802 2884 1840 2916 in
1866 2883 2019 2917 Thessa-

322 2937 372 2971 lia
407 2940 683 2981 septentrionali
722 2941 783 2974 sed
817 2941 853 2974 in
889 2942 988 2975 sinus
1024 2941 1212 2975 Maliensis
1244 2952 1307 2975 ora
1337 2941 1449 2975 fuisse
1484 2941 1637 2975 videtur.
1688 2941 1782 2976 Nam
1816 2942 1939 2986 ’Ῑρεύς
1975 2952 2017 2975 ex

323 2995 403 3040 Ἰρά
431 2995 634 3039 Stephanus
673 2999 826 3041 derivat,
863 2999 965 3033 addit
996 3003 1120 3034 tamen
1147 3000 1285 3045 Ἰριεὺς
1311 3004 1383 3033 τῶν
1409 3000 1608 3044 Μαλιέων,
1648 3011 1727 3035 cum
1754 3011 1863 3034 unam
1892 3001 2016 3035 urbem

324 3053 429 3100 Ἴράν
447 3055 523 3098 ipse
544 3066 580 3090 se
594 3067 698 3092 nosse
717 3057 934 3093 confiteatur
950 3059 988 3091 in
1002 3058 1192 3093 Messenia.
1220 3059 1333 3093 Patet
1350 3069 1434 3103 ergo
1452 3059 1555 3093 illum
1573 3069 1636 3094 suo
1654 3059 1812 3103 periculo
1834 3059 2016 3094 ethnicum
