2180 3482
325 229 350 268 2
963 225 1017 259 De
1043 224 1173 268 hymno
1200 224 1379 268 Apollinis

324 332 572 388 Apollinem
592 334 635 387 ῐὴ
649 334 691 387 ἰὴ
709 332 911 386 Καρνεῑε
928 331 1166 373 πολύλλιτε
1182 345 1333 372 rursus
1350 330 1543 373 invocat.
1579 331 1630 373 V.
1649 345 1753 374 vero
1771 330 1824 375 97
1845 330 2019 374 disertis

324 402 472 446 verbis
484 402 718 457 profitetur
731 415 777 444 se
790 402 934 444 denuo
950 405 991 457 ἰὴ
1006 405 1049 457 ἰὴ
1062 407 1229 457 παιῆον
1243 400 1411 443 audire:
1432 405 1503 457 ,,ῐὴ
1517 405 1560 457 ἱὴ
1572 418 1653 444 παι
1661 407 1740 456 ῆον
1753 404 2018 455 ἀκούομενίί,

325 473 491 515 scilicet
515 475 622 528 quot
644 472 834 528 populus
857 487 1027 524 sumus3
1057 475 1191 528 atque
1209 471 1381 513 illarum
1399 486 1559 514 vocum
1578 471 1793 527 originem
1811 472 2018 524 declarat,

325 542 686 599 quandoquidem
710 542 831 584 chori
855 556 1033 584 carmen
1057 541 1143 583 iam
1167 541 1454 584 concluditur.
1519 543 1760 584 Extremae
1783 541 2020 598 pericopae

326 613 437 656 ratio
469 615 564 655 toto
598 613 719 655 caelo
753 613 929 655 diversa
962 616 1041 664 est,
1077 627 1209 668 quam
1242 613 1441 654 nondum
1475 612 1767 667 aggredimur.

441 685 491 726 In
519 683 838 739 cogitationum
867 697 1087 726 conexum
1113 697 1217 724 mox
1251 682 1500 724 accuratius
1536 682 1811 739 inquisituris
1838 684 1949 725 haec
1974 682 2019 724 in

325 755 577 811 praesentia
616 754 721 796 satis
755 757 905 806 sunto,
947 768 1003 796 ex
1034 753 1101 795 his
1135 752 1252 795 enim
1284 752 1371 794 iam
1405 756 1590 809 apparet
1623 753 1940 795 Callimachum
1974 767 2021 795 se

325 827 409 868 hoc
443 826 635 868 carmine
667 839 935 881 praeconem
967 824 1152 879 fingere,
1188 824 1259 866 vel
1291 838 1427 865 unum
1463 837 1486 866 e
1517 824 1649 865 turba
1682 824 1757 880 qui
1788 823 2021 879 praeconis

324 896 495 939 vicibus
518 896 748 951 fungatur,
785 895 989 937 simulare
1012 894 1190 950 pariter,
1219 895 1323 936 dum
1350 893 1445 949 ipse
1470 894 1690 949 loquatur,
1724 907 1819 936 rem
1852 908 2019 936 sacram

325 967 408 1022 agi.
441 967 623 1019 Eadem,
658 968 894 1022 postquam
928 965 1101 1020 singula
1132 965 1342 1020 deinceps
1364 964 1683 1020 interpretatus
1707 978 1793 1016 ero,
1825 964 2022 1019 pluribus

325 1052 567 1094 persequar
582 1038 622 1091 ¹).

440 1108 508 1150 Ad
540 1108 682 1163 ipsam
715 1107 900 1163 primam
934 1106 1139 1149 carminis
1172 1105 1426 1162 pericopam
1459 1106 1545 1148 iam
1574 1105 1849 1148 accedamus.
1905 1104 2021 1157 Quin
2072 1121 2076 1124 ·

326 1179 440 1222 enim
479 1182 601 1221 recte
633 1177 1001 1220 VVilamowitzius
1034 1193 1106 1220 vv.
1145 1176 1286 1220 1—24
1318 1176 1363 1218 in
1395 1179 1485 1219 tres
1519 1179 1780 1218 octonorum
1813 1189 2023 1219 versuum

324 1250 556 1306 pericopas
597 1248 807 1299 diviserit,
851 1247 1032 1290 dubium
1074 1261 1170 1290 esse
1211 1261 1302 1289 non
1341 1249 1500 1302 potest,
1541 1261 1641 1288 cum
1686 1262 1726 1289 v.
1761 1248 1800 1288 9.
1840 1248 1888 1287 17
1927 1245 2023 1301 ipse

326 1320 620 1363 Callimachus
652 1318 856 1375 Apolline
894 1318 1122 1360 nominato
1163 1318 1320 1361 doceat
1360 1331 1406 1360 se
1440 1316 1565 1373 quasi
1598 1318 1652 1359 de
1683 1316 1857 1371 integro
1891 1315 2023 1358 ordiri

326 1404 516 1446 cumque
548 1393 647 1445 post
675 1391 962 1432 vv.8.16.24
995 1389 1216 1444 quoddam
1249 1402 1405 1430 sensus
1437 1387 1723 1430 interstitium
1747 1387 2021 1430 observetur.

325 1462 437 1503 Nam
455 1475 587 1503 versu
605 1462 632 1501 8
651 1460 959 1502 adulescentes
978 1460 1032 1501 ad
1051 1458 1330 1501 saltationem
1350 1461 1393 1500 et
1412 1462 1589 1500 cantum
1614 1461 1843 1509 vocantur,
1868 1471 2023 1500 versus

324 1546 429 1574 vero
463 1534 489 1573 9
523 1545 574 1573 eo
609 1532 794 1586 spectat,
830 1530 948 1585 quod
981 1529 1024 1570 di
1054 1544 1145 1571 non
1179 1529 1233 1570 ab
1267 1528 1471 1570 omnibus
1505 1529 1582 1570 sed
1617 1543 1642 1570 a
1674 1527 1796 1584 puris
1828 1530 2021 1569 tantum-

324 1603 453 1644 modo
479 1616 525 1645 se
548 1601 744 1657 conspici
767 1600 1008 1656 patiuntur.
1057 1600 1169 1642 Item
1192 1615 1232 1642 v.
1258 1602 1308 1641 16
1334 1599 1628 1642 Callimachus
1646 1613 1808 1654 pueros
1826 1598 2021 1650 miratur,

326 1674 444 1728 quod
476 1672 588 1715 tides
620 1672 707 1714 iam
741 1674 920 1720 sonent;
955 1686 995 1714 v.
1022 1673 1071 1711 17
1104 1669 1191 1712 iam
1224 1670 1279 1712 ad
1307 1670 1484 1711 turbam
1517 1668 1764 1711 orationem
1787 1668 2022 1720 convertit,

326 1758 458 1799 quam
484 1746 531 1785 ut
560 1742 722 1798 linguis
748 1741 911 1793 faveat,
948 1744 1112 1783 monet.
1158 1740 1307 1796 Atque
1337 1739 1543 1796 equidem
1564 1739 1611 1781 in
1632 1740 1748 1781 hanc
1771 1738 2024 1794 opinionem

326 1814 503 1866 inclino,
538 1817 587 1855 ut
621 1827 827 1856 censeam
860 1815 982 1855 recte
1005 1811 1397 1854 VVilamowitzium
1431 1810 1563 1853 etiam
1595 1825 1667 1853 vv.
1693 1812 1860 1851 25—31
1899 1809 2025 1865 quasi

327 1888 529 1941 quartam
553 1884 775 1940 quandam
799 1882 1053 1939 pericopam
1077 1881 1363 1937 discripsisse.
1408 1880 1701 1923 Interstitium
1725 1879 1842 1922 enim
1865 1893 2022 1922 sensus

327 1955 490 2011 pariter
529 1955 644 1997 inter
683 1969 754 1997 vv.
790 1955 846 1995 24
880 1956 923 1995 et
956 1955 1010 1994 25
1050 1952 1337 1994 statuendum
1376 1954 1461 2002 est3
1504 1951 1677 1993 dixerat
1717 1950 1835 1993 enim
1869 1964 2024 1992 omnes

327 2026 563 2081 omniaque
595 2028 757 2076 tacere,
802 2038 901 2066 cum
943 2027 987 2080 ἰὴ
1030 2026 1073 2079 ἰὴ
1115 2029 1284 2079 παιῆον
1326 2022 1551 2074 audirent3
1601 2021 1767 2063 dictum
1810 2020 2023 2076 exemplis

327 2096 599 2139 stabiliverat
627 2094 938 2150 compluribus,
968 2108 1154 2150 quorum
1189 2096 1438 2135 extremum
1464 2091 1606 2134 Niobe
1637 2091 1796 2143 fuerat,
1832 2105 1946 2147 quae
1978 2091 2023 2132 in

326 2167 517 2222 lapidem
551 2180 768 2209 conversa
799 2165 954 2207 fletum
990 2167 1140 2206 tamen
1172 2163 1217 2205 in
1245 2163 1361 2206 diem
1390 2165 1617 2218 posterum
1646 2161 1844 2204 reiceret.
1894 2162 2024 2203 Nunc

327 2252 432 2280 vero
471 2237 565 2293 ipse
603 2236 816 2292 populum
855 2236 1055 2277 hortatur
1094 2238 1137 2291 ἰὴ
1177 2238 1221 2290 ἰή
1259 2247 1480 2285 resonare,
1521 2236 1564 2289 ἰὴ
1605 2236 1648 2288 ἰή
1688 2231 1853 2275 scilicet
1897 2231 2025 2288 pueri

328 2308 601 2359 cecinerant,
647 2310 755 2358 tum,
801 2309 847 2347 ut
889 2305 1152 2360 adiungeret
1193 2307 1334 2347 κακὸν
1375 2306 1652 2359 μακάρεσσιν
1694 2304 1869 2358 ἐρίζειν,
1914 2316 2022 2345 sane

328 2378 495 2420 Niobae
512 2377 714 2433 exemplo
738 2380 984 2418 commotus
1007 2379 1086 2427 est,
1110 2389 1224 2431 quae
1246 2374 1421 2430 proprio
1439 2388 1571 2416 sensu
1590 2373 1781 2429 Apollini
1804 2373 2025 2415 aemulata

329 2451 464 2490 esset:
499 2449 575 2490 sed
601 2448 707 2489 illud
738 2450 781 2502 ῑὴ
806 2450 847 2502 1²1)
878 2448 1137 2502 φθέγγεσθε
1165 2460 1263 2488 cum
1288 2444 1457 2487 Niobae
1485 2444 1781 2486 aemulatione
1807 2443 2022 2498 Apollinis

328 2533 419 2560 non
450 2519 595 2574 ipsum
628 2532 707 2573 per
740 2531 785 2560 se
826 2518 1047 2568 cohaeret,
1082 2529 1228 2572 neque
1268 2515 1384 2558 enim
1418 2515 1560 2557 Niobe
1600 2517 1835 2570 propterea
1866 2513 2025 2569 punita

329 2592 407 2641 est,
443 2589 561 2645 quod
594 2591 846 2631 recusasset
870 2587 1106 2642 quominus
1128 2585 1256 2628 iussis
1281 2586 1621 2641 obtemperaret.
1688 2583 2023 2626 Sententiarum

448 2730 472 2775 ¹)
500 2730 714 2764 Universam
747 2729 853 2762 huius
888 2728 1011 2771 hymni
1046 2728 1341 2771 compositionem
1372 2728 1509 2770 primus
1544 2736 1678 2769 magna
1710 2735 1752 2759 ex
1786 2728 1889 2768 parte
1924 2727 2023 2758 recte

329 2789 526 2832 explicavit
552 2788 759 2830 Ludolphus
785 2787 923 2820 Malten
951 2787 1110 2830 (Kyrene
1137 2787 1181 2820 43
1197 2785 1304 2829 sqq.);
1331 2785 1385 2818 illi
1411 2786 1482 2819 iter
1508 2784 1814 2818 Wilamowitzius
1840 2784 2024 2826 praeierat

329 2847 484 2892 (Griech.
500 2848 596 2881 Lit.3
610 2847 704 2891 209),
732 2857 811 2880 cum
831 2845 1090 2879 Callimachum
1111 2846 1148 2879 in
1167 2845 1233 2879 hoc
1251 2844 1382 2887 hymno
1403 2844 1618 2878 recitatione
1642 2843 1778 2876 actioni
1802 2841 2024 2875 aemulatum

329 2916 405 2940 esse
436 2907 652 2948 scripsisset.
691 2905 744 2938 De
775 2905 977 2947 praeconiis
1009 2907 1197 2946 poetarum
1232 2906 1268 2937 et
1298 2902 1605 2937 hellenisticorum
1639 2905 1675 2935 et
1706 2911 1934 2934 romanorum
1961 2899 2022 2934 cfr.

327 2965 588 3006 Reitzenstein,
620 2964 662 2998 N.
690 2963 812 2998 Jahrb.
845 2963 902 2996 fiir
934 2963 997 2996 das
1029 2963 1076 2996 kl.
1104 2962 1177 2996 Alt.
1213 2962 1313 2996 1908.
1346 2961 1391 2995 84
1412 2971 1486 3003 sqq.
1513 2961 1570 2995 97.
1597 2960 1665 2993 365
1692 2969 1786 3001 sqq.;
1824 2959 1917 2992 talia
1952 2959 2021 2992 iam

329 3022 625 3066 (Hellenistische
652 3021 1068 3065 Wun‹lei-erzahlungen,
1097 3022 1162 3056 156
1189 3031 1263 3063 sqq.
1293 3020 1373 3064 160)
1400 3019 1681 3064 significaverat.
