2180 3482
757 243 809 278 De
835 243 974 279 Therae
1000 245 1200 288 originibus
1744 247 1824 287 115

137 348 500 392 monstravimus:
547 348 645 391 luce
688 348 846 391 clarius
889 352 953 391 est
995 352 1090 391 tum
1133 349 1390 405 Cyrenaeos
1433 364 1480 393 se
1521 351 1664 393 Thera
1706 353 1824 393 ortos

137 418 283 462 dicere
324 418 535 475 coepisse,
576 433 675 461 cum
709 419 896 461 Theraei
936 433 981 462 re
1021 434 1127 462 vera
1160 420 1358 475 Cyrenas
1398 421 1674 475 migrassent.
1739 420 1825 473 Qui

136 489 197 531 ita
238 490 485 540 concludet,
529 503 629 532 eum
670 503 836 544 negare
879 490 1099 545 oportebit
1143 492 1365 534 Theraeos
1408 491 1508 533 inde
1555 492 1609 533 ab
1656 491 1825 547 origine

137 560 589 603 Lacedaemoniorum
624 560 805 602 colonos
838 560 987 603 fuisse.
1051 561 1171 603 Idem
1206 565 1340 616 negat
1375 561 1448 618 qui
1488 562 1603 603 illam
1636 562 1825 604 insulam

136 644 215 672 suo
271 633 449 686 sumptu
507 631 811 673 excavandam
870 631 1054 682 curavit,
1110 631 1358 674 Fridericus
1415 631 1553 674 Hiller
1609 633 1662 674 de
1717 632 1824 675 Gar-

135 700 313 755 tringen
329 701 370 755 ¹).
424 701 534 742 Nam
560 702 857 744 Theraeorum
886 702 1048 757 phylae
1081 703 1266 754 Ὑλλέες,
1292 702 1506 756 Δυμᾶνες,
1534 704 1781 758 Πάμφυλοι
1794 701 1824 756 ²)

136 770 487 826 appellabantur,
528 775 576 812 ut
615 771 658 812 in
706 771 928 827 plerisque
967 771 1219 815 civitatibus
1259 772 1437 824 doricis3
1487 772 1825 815 Lacedaemonii

136 844 305 893 contra,
349 845 563 897 quantum
599 841 774 893 scimus,
814 856 903 884 non
944 842 987 883 in
1028 842 1169 884 tribus
1209 843 1285 885 sed
1323 842 1368 883 in
1401 842 1523 885 vicos
1560 842 1604 884 id
1643 845 1707 885 est
1741 846 1825 885 κώ-

133 911 261 965 μαςῧ)
311 911 531 954 distributi
576 915 713 954 erant.
779 912 921 964 Quid?
984 926 1134 955 nonne
1185 916 1307 968 patet
1352 912 1726 956 Lacedaemonios
1771 914 1825 955 ab

135 981 318 1038 antiqua
335 996 481 1025 rerum
498 982 772 1038 publicarum
787 982 1069 1025 Doriensium
1087 982 1318 1037 disciplina
1335 983 1587 1035 descivisse,
1604 984 1825 1026 Theraeos

136 1052 322 1095 eandem
355 1053 585 1096 servasse?
649 1053 834 1095 Theraei
863 1053 1151 1095 vetustissimi
1179 1067 1258 1108 pro
1289 1054 1329 1095 Z
1356 1053 1400 1094 in
1430 1067 1539 1096 voce
1573 1057 1692 1096 certe
1714 1056 1826 1106 Ζεύς

134 1122 206 1165 1110
246 1123 373 1178 signo
411 1123 478 1165 usi
511 1127 614 1165 sunt
653 1124 771 1179 quod
811 1123 855 1164 in
889 1123 1051 1177 linguis
1084 1123 1292 1165 semiticis
1324 1126 1488 1167 samech
1520 1124 1824 1179 appellatur⁴)‚

134 1193 239 1235 item
265 1193 496 1245 Corinthii,
520 1209 609 1236 non
634 1194 986 1236 Lacedaemonii.
1033 1194 1219 1236 Theraei
1246 1195 1373 1237 deam
1397 1195 1570 1248 Δαμίαν
1593 1195 1826 1238 coluerunt

134 1263 222 1317 (IG
254 1264 341 1305 XII
363 1267 403 1316 3,
428 1267 551 1318 361);
593 1265 779 1307 eandem
808 1264 1035 1320 Epidaurii
1068 1264 1164 1317 (etr.
1194 1265 1357 1307 Herod.
1383 1265 1421 1307 V
1445 1267 1534 1320 82),
1568 1280 1653 1308 non
1689 1266 1825 1308 Lace-

135 1334 367 1377 daemonii.
447 1334 634 1378 Theraei
671 1336 823 1378 Iovem
866 1337 1106 1389 Στοιχαῑον
1150 1336 1350 1378 venerati
1395 1339 1498 1377 sunt
1544 1336 1630 1392 (IG
1663 1337 1749 1378 XII
1784 1339 1824 1389 3,

135 1407 399 1459 375-376),
434 1405 630 1448 eiusdem
664 1405 816 1460 religio
851 1406 968 1461 apud
992 1405 1224 1461 Sicyonios
1246 1405 1409 1458 floruit,
1434 1421 1459 1448 a
1481 1406 1640 1462 quibus
1664 1407 1825 1462 phylae

135 1482 303 1530 στοῖχοι
336 1476 677 1531 appellabantur
709 1476 803 1528 (cfr.
829 1477 1006 1518 Bekker
1037 1476 1204 1519 Anecd.
1234 1477 1273 1518 II
1298 1479 1394 1529 790,
1414 1480 1501 1531 30),
1540 1492 1644 1529 non,
1685 1492 1824 1533 quan-

134 1549 229 1587 tum
253 1546 428 1598 scimus,
453 1547 571 1602 apud
594 1547 981 1589 Lacedaemonios.
1031 1548 1123 1589 Iam
1147 1561 1197 1590 eo
1223 1547 1497 1599 inclinamus,
1522 1552 1569 1590 ut
1593 1548 1826 1604 opinemur

135 1617 358 1659 Theraeos
392 1620 523 1660 antea
554 1618 697 1660 Dores
731 1632 863 1673 quam
898 1618 1141 1673 Spartanos
1173 1617 1323 1669 fuisse,
1358 1618 1686 1674 antiquissimos
1720 1608 1843 1662 vero¹

136 1687 316 1730 colonos
350 1688 539 1730 Theram
572 1702 662 1730 non
698 1688 859 1743 Sparta
891 1688 967 1730 sed
1000 1688 1054 1730 ab
1087 1688 1295 1743 Argolide
1328 1689 1681 1744 transmigrasse.

253 1758 489 1801 Praeterea
505 1758 711 1814 Spartani
731 1758 766 1800 si
781 1759 947 1801 Theras
966 1759 1272 1810 condiderunt,
1297 1773 1481 1802 necesse
1505 1763 1572 1802 est
1591 1774 1665 1803 eos
1682 1760 1726 1802 id
1749 1775 1825 1803 an-

134 1828 385 1885 tiquissima
417 1832 564 1871 aetate
596 1828 769 1881 fecisse,
803 1844 905 1871 nam
929 1843 953 1872 e
975 1829 1166 1872 vasculis
1196 1844 1309 1885 quae
1332 1830 1377 1871 in
1401 1830 1613 1886 sepulcris
1634 1831 1826 1874 theraeis

133 1898 321 1942 inventa
352 1902 469 1951 sunt,
509 1899 730 1942 Iohannes
762 1899 1106 1955 D1·agendorff⁵)
1141 1900 1357 1943 conclusit
1390 1902 1579 1943 Theram
1612 1901 1696 1943 iam
1731 1915 1825 1944 sae-

135 1969 232 2012 culo
262 1970 340 2012 IX.
377 1973 571 2013 exeunte
604 1970 676 2013 vel
699 1970 814 2012 VIII.
849 1969 1033 2013 ineunte
1064 1970 1305 2013 habitatam
1342 1985 1452 2023 esse,
1486 1985 1634 2028 neque
1666 1971 1827 2014 indicia

253 2099 278 2144 ¹)
306 2099 425 2133 Thera
449 2099 466 2133 Ι
504 2110 537 2143 p.
560 2099 625 2133 142
640 2109 714 2142 sqq.
765 2099 864 2134 Idem
896 2100 970 2134 iam
1003 2110 1096 2134 anno
1132 2100 1223 2135 1890
1261 2104 1346 2135 ante
1381 2102 1638 2136 excavationes
1672 2105 1827 2146 negarat

134 2157 359 2192 Studniczka
383 2169 416 2201 p.
436 2159 491 2192 51.

252 2217 278 2262 ²)
305 2216 365 2251 IG
383 2217 454 2251 XII
471 2217 503 2260 3,
522 2218 601 2252 377.
620 2217 699 2252 378.
742 2217 879 2251 Nomen
905 2217 1187 2261 Pamphylorum
1206 2229 1421 2261 quamquam
1446 2229 1516 2253 non
1542 2223 1719 2263 servatur,
1747 2230 1827 2254 con-

134 2279 348 2311 sentaneum
373 2279 496 2310 tamen
523 2279 579 2310 est
605 2276 694 2310 illud
720 2279 762 2310 ut
787 2277 824 2310 in
851 2278 980 2311 ceteris
1008 2277 1221 2312 civitatibus
1247 2279 1302 2312 ita
1320 2277 1458 2311 Therae
1485 2289 1564 2312 cum
1591 2278 1728 2313 duobus
1745 2278 1825 2312 reli-

135 2336 215 2377 quis
241 2336 488 2369 consociatum
512 2335 623 2369 fuisse

253 2394 279 2438 ²³)
307 2394 415 2429 Vicos
445 2404 516 2428 non
548 2395 678 2439 κώμας
709 2394 770 2428 sed
804 2395 902 2436 ὠβάς
934 2394 1147 2437 appellatos,
1180 2395 1298 2429 tribus
1329 2395 1536 2439 gentilicias
1569 2396 1723 2439 Spartae
1756 2406 1827 2431 ser-

134 2456 241 2487 vatas
272 2463 349 2487 esse
380 2463 497 2496 nuper
529 2453 775 2497 demonstrare
808 2452 949 2487 studuit
980 2453 1183 2488 Ludovicus
1210 2454 1347 2496 Pareti,
1374 2454 1590 2489 Rendiconti
1622 2455 1679 2489 dei
1704 2455 1829 2489 Lincei

136 2511 238 2554 1910,
263 2512 332 2546 455
344 2521 417 2554 sqq.
470 2511 674 2553 Utcumque
706 2511 741 2545 id
775 2515 841 2554 est,
876 2511 962 2545 illae
997 2511 1129 2554 phylae
1161 2513 1192 2546 si
1224 2513 1366 2546 omnino
1397 2513 1554 2557 fuerunt,
1587 2513 1722 2549 nullius
1753 2515 1827 2548 1616

134 2570 302 2613 ponderis
328 2580 414 2613 prae
440 2571 530 2604 vicis
556 2570 713 2613 fuerunt,
740 2571 776 2604 id
803 2570 896 2612 quod
922 2571 1040 2613 ipsum
1065 2571 1157 2604 satis
1183 2572 1363 2604 novicium
1389 2571 1544 2606 videtur.

251 2629 280 2673 4)
308 2629 377 2663 Cir.
398 2628 633 2663 Kretschmer
658 2629 789 2663 Athen.
810 2628 907 2663 Mitt.
934 2629 1023 2662 XXI
1050 2629 1151 2671 1896,
1171 2629 1255 2671 43:2;
1282 2629 1387 2663 XXII
1414 2630 1514 2673 1897,
1534 2631 1619 2665 342:
1652 2631 1741 2664 illud
1767 2642 1827 2665 vo-

136 2687 306 2723 cabulum
331 2689 386 2722 ita
412 2688 585 2722 scribitur
609 2687 669 2723 IG
687 2688 758 2721 XII
775 2688 807 2730 3,
827 2688 1000 2722 350—53.
1030 2688 1130 2722 1313.
1154 2688 1253 2722 1318.
1304 2689 1428 2722 Etiam
1453 2688 1661 2723 litterarum
1692 2689 1827 2723 formae

136 2750 174 2781 et
200 2746 486 2791 significationes
512 2747 708 2781 ostendunt
734 2746 914 2781 Theraeos
939 2757 1054 2789 neque
1081 2758 1102 2781 a
1122 2747 1418 2781 Lacedaemoniis
1444 2757 1557 2789 neque
1584 2748 1628 2782 ab
1654 2747 1729 2781 ulla
1755 2748 1829 2782 alia

136 2806 288 2840 civitate
313 2816 446 2850 graeca
471 2805 531 2840 sed
558 2816 580 2839 a
607 2804 752 2840 Semitis
780 2805 958 2840 scribendi
983 2809 1098 2840 artem
1125 2805 1308 2840 didicisse:
1342 2806 1403 2840 cfr.
1423 2806 1548 2849 Hiller‚
1576 2806 1695 2840 Thera
1712 2806 1730 2839 Ι
1749 2806 1826 2841 155.

253 2864 283 2909 5)
310 2864 430 2899 Thera
460 2865 599 2906 [12:323
645 2865 902 2907 antiquissima
937 2866 1031 2898 enim
1066 2875 1156 2898 vasa
1191 2864 1265 2899 alia
1300 2865 1448 2899 vasibus
1491 2865 1633 2909 generis
1675 2865 1768 2907 quod
1806 2876 1828 2899 a

135 2922 269 2966 Dipylo
295 2923 502 2967 appellatur
526 2924 788 2958 recentioribus
814 2923 947 2958 similia
980 2926 1075 2965 sunt,
1109 2922 1182 2957 alia
1213 2923 1510 2966 protocorinthia.
1561 2923 1828 2967 Dragendorffii

135 2981 309 3016 iudicium
340 2982 465 3016 multis
503 2982 586 3016 aliis
619 2982 794 3025 sepulcris
827 2981 965 3016 effossis
1003 2981 1230 3016 confirmavit
1264 2982 1441 3017 Ernestus
1466 2981 1585 3026 Pfuhl,
1623 2982 1708 3016 Ath.
1728 2982 1826 3017 Mitt.

135 3039 295 3077 XXVIII
322 3040 423 3084 1903,
450 3040 528 3075 248.
555 3040 697 3078 285186.

1570 3100 1612 3135 8*
