2180 3482
762 229 815 264 De
840 240 897 264 vv.
917 230 971 273 70,
999 229 1042 264 71
1061 238 1135 271 sqq.
1736 230 1791 270 47

105 338 338 380 lucramur.
379 361 432 366 —
471 337 714 379 Decretum
748 349 853 379 vero
888 336 960 377 ἐπὶ
988 337 1249 392 πρυτάνεως
1277 336 1359 377 Κλ.
1381 335 1621 377 Μοὸἑστου
1651 335 1794 390 μηνὸς

106 409 382 465 Κλαρεῶνος
410 403 443 452 ὂ-
460 407 625 458 datum,
660 406 778 462 quod
800 405 915 448 inter
936 405 1086 447 titulos
1109 405 1361 459 Magnesios
1384 420 1409 447 a
1432 405 1596 447 Kernio
1619 420 1683 446 nr.
1713 406 1795 446 114

105 478 365 534 insignitum
389 482 468 531 est,
503 492 602 520 cum
636 476 721 519 iam
754 479 929 519 constet
951 475 1047 531 (cfr.
1072 475 1371 518 Wilamowitz
1396 475 1515 518 GGA
1544 478 1668 528 1900,
1693 478 1793 530 570)

109 549 214 591 illud
253 550 308 591 ad
340 548 615 606 Magnesiam
655 547 835 589 0111111110
874 546 1027 590 referri
1069 560 1159 588 non
1199 560 1330 601 posse
1378 548 1498 600 (nam
1536 547 1717 589 nomina
1752 549 1793 589 et

108 619 266 662 seriem
284 620 502 663 mensium
520 617 849 674 Magnesiorum
870 617 1044 660 diversa
1062 631 1170 672 esse,
1193 616 1358 673 pariter
1376 617 1585 672 eponymi
1603 617 1793 670 titulum,

109 690 182 746 qui
216 693 567 748 στεφανηφόρος,
615 703 705 731 11011
738 693 953 745 πρύτανις
987 688 1130 730 dictus
1163 687 1248 740 sit),
1294 687 1444 730 nescio
1479 702 1534 729 an
1568 688 1795 744 inscriptio

111 761 374 817 colophonia
421 761 494 803 sit:
554 761 671 816 apud
725 759 1024 816 Colophonios
1072 759 1189 802 enim
1237 758 1447 814 eponymi
1492 758 1562 801 illo
1618 759 1797 801 nomine

109 831 459 887 appellabantur.
524 831 659 887 Atqui
693 830 869 873 confido
907 830 1003 872 fore
1041 833 1086 871 ut
1133 829 1249 871 tituli
1292 829 1589 881 innotescant,
1638 829 1798 885 quibus

109 902 422 958 comprobetur
446 901 577 945 Clarii
599 901 857 956 religionem
890 901 1019 943 latius
1053 900 1249 956 patuisse
1283 915 1415 956 quam
1450 914 1473 943 0
1506 901 1796 953 documentis,

109 987 223 1030 quae
256 973 434 1030 quidem
468 976 658 1025 exstent,
694 972 812 1015 effici
845 972 1003 1028 possit3
1048 974 1224 1014 tantum
1258 970 1514 1014 Callimachi
1547 972 1799 1014 auctoritati

109 1044 154 1086 in
187 1044 434 1087 istiusmodi
465 1044 599 1087 rebus
631 1043 791 1089 tribuo.

228 1116 282 1159 70
315 1118 464 1170 πάντῃ
499 1114 731 1168 „omnino“
768 1113 1034 1169 significare,
1068 1115 1185 1156 πολύ
1213 1128 1345 1156 8011811
1370 1113 1601 1157 collectivo
1630 1114 1798 1158 intelle-

109 1185 305 1240 gendum
347 1199 456 1237 esse,
499 1184 727 1241 perspexit
769 1184 919 1227 Ianius
962 1200 1002 1240 p.
1036 1186 1114 1226 102
1144 1199 1260 1241 sqq.;
1312 1186 1640 1239 πολυωνυμίαν
1683 1185 1800 1228 0111111

112 1256 196 1298 hoc
227 1256 324 1298 loco
357 1255 536 1312 respici;
570 1256 666 1312 ipse
688 1255 739 1300 fr.
768 1258 848 1297 115
872 1258 1047 1312 ἔρχεται
1069 1257 1210 1308 πολὺς
1231 1257 1316 1309 μὲν
1342 1258 1534 1311 Αἰγαῖον
1558 1257 1802 1313 διατμήξας

111 1327 188 1370 ἀπ’
223 1330 406 1384 οἰνηρῆς
437 1329 554 1370 Χίου
588 1329 829 1383 ἀμφορεύς,
871 1327 1012 1379 πολὺς
1045 1327 1092 1369 δὲ
1124 1327 1320 1382 Λεσβίης
1352 1329 1501 1369 ἄωτον
1540 1329 1700 1384 νέκταρ
1741 1331 1800 1370 οἶ.-

111 1399 289 1455 νάνθης
331 1401 455 1453 ἄγων
500 1401 544 1441 et
580 1399 656 1439 121
695 1399 960 1450 πουλὺ-ἔτος
993 1397 1190 1439 contulit.
1248 1397 1464 1439 Vocabuli
1505 1401 1655 1456 πάντῃ
1696 1413 1802 1441 118118

110 1468 229 1511 1111Πο
263 1469 466 1525 exemplo
499 1468 682 1524 indiget.

229 1539 279 1583 71
307 1551 406 1595 sqq.
449 1538 743 1582 Callimachus
775 1539 1024 1595 Apollinem
1058 1538 1281 1581 Carneum
1314 1539 1434 1581 illum
1476 1540 1607 1582 deum
1650 1544 1800 1584 vocat:

111 1609 192 1652 sibi
216 1609 333 1653 enim
356 1610 547 1667 patrium
581 1624 678 1653 esse
710 1610 771 1652 ita
803 1609 961 1652 facere.
1013 1609 1174 1652 Carnei
1206 1609 1465 1665 religionem
1498 1611 1615 1666 apud
1649 1625 1802 1655 omnes
1834 1602 1841 1609 ⁵

109 1681 253 1724 Dores
285 1680 487 1724 floruisse
519 1680 623 1724 inde
655 1695 760 1724 vere
800 1681 1066 1723 concludere
1098 1680 1313 1733 videmur,
1355 1681 1472 1737 quod
1511 1681 1565 1724 de
1597 1685 1661 1724 tot
1697 1683 1802 1726 civi-

110 1751 276 1794 tatibus
308 1751 562 1795 testimonia
601 1755 839 1808 supersunt
854 1752 903 1807 1);
945 1766 1032 1808 quo
1071 1755 1221 1794 tamen
1260 1751 1354 1794 iure
1391 1751 1486 1808 ipse
1525 1752 1801 1809 potissimum

111 1917 301 1952 Cleonensi
338 1917 389 1952 IG
413 1917 465 1954 IV
483 1918 561 1961 490,
604 1917 796 1960 Φλάουιος
827 1918 986 1963 Κλᾶρος
1022 1919 1060 1952 in
1087 1918 1297 1962 Thespiensi
1335 1918 1386 1953 IG
1404 1918 1474 1954 VII
1494 1919 1603 1962 17723
1646 1919 1806 1966 Κλάρος

112 1976 316 2012 Heraclidis
342 1976 475 2011 Thiani
501 1981 606 2021 pater
631 1978 668 2011 in
695 1977 874 2021 Amiseno,
911 1977 1478 2022 Anderson-Cumont-Gregoire,
1507 1977 1635 2013 Studia
1661 1981 1806 2023 pontica

111 2035 167 2070 ΠΙ
185 2035 248 2080 70)
275 2046 471 2080 cognomen
497 2046 683 2070 romanum
711 2036 880 2079 „Clarus“
910 2039 975 2071 est.
1003 2057 1046 2060 —
1073 2037 1205 2071 Tribus
1230 2038 1416 2080 tegeatica
1434 2036 1659 2082 Κλαρεῶτις
1683 2038 1804 2082 (Ρο118.

112 2094 203 2129 VIII
220 2094 275 2137 53,
295 2094 330 2139 6)
367 2095 412 2129 ab
437 2095 522 2129 Iove
549 2094 711 2140 Κλαρίῳ
747 2095 784 2129 id
811 2098 866 2130 est
892 2095 1049 2141 Κραρίῳ
1085 2106 1213 2130 nomen
1249 2097 1405 2140 accepit:
1442 2095 1503 2130 cfr.
1529 2096 1700 2139 Solmsen,
1739 2097 1805 2132 Rh.

112 2152 204 2188 Mus.
230 2153 316 2188 LIII
336 2154 436 2197 1898,
465 2154 541 2188 157.
592 2154 685 2188 Item
719 2154 839 2189 nullus
880 2155 918 2188 in
954 2154 1022 2188 hac
1047 2156 1259 2196 quaestione
1284 2154 1383 2189 loeus
1409 2158 1464 2189 est
1489 2155 1660 2199 Aeschyli
1686 2155 1805 2201 Suppl.

112 2213 233 2247 versuj
258 2213 326 2247 369
355 2215 477 2247 ἱκεσία
507 2213 622 2258 Θέμις
651 2213 737 2255 Διὸς
763 2213 959 2259 Κλαρίου;
998 2215 1228 2258 responsione
1254 2214 1347 2248 enim
1372 2213 1640 2249 demonstratur
1665 2225 1807 2250 versum

112 2272 149 2305 in
175 2271 387 2306 dicreticum
412 2273 524 2306 exire:
564 2272 670 2316 Ζεύς,
697 2273 756 2306 0111
780 2272 922 2318 κλῆρος
948 2273 1045 2307 cordi
1071 2277 1136 2315 est,
1163 2272 1401 2317 intellegitur.

233 2330 258 2375 ¹)
286 2330 384 2373 Quae
410 2332 447 2365 in
473 2331 709 2366 adnotatione
735 2331 803 2365 hac
828 2331 908 2376 lege
935 2332 1064 2374 indico,
1091 2335 1132 2365 ut
1158 2331 1354 2375 plurimum
1372 2333 1486 2375 ipsius
1513 2332 1570 2367 dei
1595 2333 1808 2368 sacerdotiis

114 2390 228 2424 sacris
255 2389 543 2424 dedicationibus
568 2390 738 2432 tribuam,
765 2393 844 2425 tum
862 2401 1020 2425 mensem
1038 2390 1244 2436 Καρνεῖον,
1272 2391 1334 2433 qui
1361 2391 1405 2425 ab
1432 2401 1471 2425 eo
1498 2401 1626 2425 nomen
1653 2391 1806 2435 duxerit,

114 2448 234 2492 aliquo
261 2451 358 2483 certe
383 2448 460 2483 loco
492 2448 655 2492 habeam,
688 2460 906 2491 quamquam
938 2460 1077 2484 menses
1109 2460 1179 2483 non
1205 2449 1320 2484 solum
1345 2450 1582 2494 religionibus
1608 2450 1669 2485 sed
1696 2453 1807 2486 etiam

115 2509 336 2542 commerciis
372 2509 619 2550 continentur,
661 2509 807 2542 nomina
842 2512 968 2543 contra
1003 2508 1201 2551 theophora
1235 2519 1381 2552 prorsus
1416 2510 1599 2543 reticeam.
1661 2510 1702 2543 In
1737 2520 1808 2552 qua

116 2567 210 2601 enim
228 2567 379 2601 civitate
397 2566 461 2601 illa
486 2567 603 2601 multa
629 2568 713 2610 sint,
741 2568 777 2600 in
804 2567 868 2601 illa
894 2567 976 2602 aliis
1004 2567 1045 2601 de
1072 2568 1191 2601 causis
1219 2568 1403 2602 constabit
1421 2568 1599 2602 Carneum
1625 2568 1807 2603 excultum

116 2636 203 2668 esse,
230 2627 267 2659 in
285 2636 356 2668 qua
375 2636 492 2670 pauca
508 2625 565 2660 vel
590 2636 710 2669 unum,
737 2627 817 2668 quis
843 2630 899 2661 est
924 2627 985 2668 qui
1011 2626 1187 2669 spondeat
1212 2637 1283 2661 non
1308 2630 1451 2670 patrem
1476 2626 1590 2661 filium
1622 2627 1667 2661 ab
1700 2628 1807 2661 amici

115 2685 297 2729 peregrini
322 2686 464 2719 nomine
491 2684 718 2728 appellasse?
763 2685 882 2727 Atque
908 2685 972 2719 illa
998 2686 1143 2719 nomina
1170 2686 1283 2719 cuivis
1310 2689 1455 2729 praesto
1481 2687 1619 2720 suntin
1639 2685 1807 2729 opusculo

115 2742 177 2777 illo
204 2743 350 2778 Ernesti
377 2743 519 2788 Sittigii
545 2744 752 2778 doctissimo
786 2744 827 2778 de
853 2745 1058 2778 nominibus
1083 2743 1290 2787 theophoris
1318 2744 1364 2789 (p.
1385 2745 1454 2788 56).
1506 2745 1665 2779 Indicem
1691 2755 1807 2779 meum

118 2812 136 2836 e
162 2801 315 2845 Gruppii
334 2802 464 2847 (Myth.
486 2803 587 2846 1243,
615 2803 696 2837 adn
716 2803 750 2847 2)
771 2806 807 2837 et
825 2803 1029 2837 Wernickii
1049 2803 1154 2847 (PW.
1174 2803 1210 2837 II
1229 2804 1287 2847 55)
1306 2803 1494 2838 laterculis
1511 2805 1566 2837 ita
1584 2804 1807 2846 concinnavi,

116 2864 160 2895 ut
185 2871 453 2904 supervacanea
479 2865 516 2896 et
541 2872 633 2904 quae
658 2861 727 2896 huc
752 2872 822 2896 non
849 2862 1021 2904 facerent,
1049 2861 1236 2904 demerem,
1262 2863 1338 2904 ipse
1365 2873 1383 2896 0
1409 2862 1539 2905 titulis,
1571 2872 1663 2904 quae
1696 2873 1809 2906 nuper

118 2921 376 2964 innotuissent,
412 2922 624 2955 testimonia
657 2931 752 2955 nova
788 2921 975 2955 adicerem.
1026 2921 1057 2953 A
1091 2921 1312 2955 testimoniis
1347 2920 1475 2963 ordior,
1511 2931 1602 2963 quae
1637 2921 1728 2955 falso
1764 2921 1808 2955 ad

119 2977 297 3013 Carneum
322 2979 544 3014 referuntur:
577 2979 724 3014 Thuriis
756 2980 792 3013 in
825 2979 966 3013 colonia
991 2978 1241 3022 panhellenica
1273 2979 1373 3013 illam
1406 2979 1616 3024 religionem
1648 2979 1758 3014 fuisse
1791 2991 1808 3013 e

119 3037 326 3071 testimonio
352 3039 471 3073 minus
496 3038 622 3073 idoneo
650 3038 851 3082 colligitur:
879 3037 971 3079 quod
998 3039 1092 3071 enim
1118 3037 1331 3073 Theocritus
1358 3038 1404 3082 (V
1421 3038 1480 3083 83)
1507 3042 1688 3082 pastorem
1714 3039 1809 3072 Thu-
