2180 3482
766 269 818 303 De
844 268 986 312 hymnis
1012 270 1054 304 V.
1081 274 1118 304 et
1143 271 1204 305 VI.
1751 274 1825 314 151

143 378 330 425 enarret,
375 387 548 417 versum
593 373 914 426 intercalarem,
955 375 1220 431 simulatque
1253 377 1484 428 audiverit,
1526 377 1666 429 iteret,
1712 377 1829 419 illum

143 444 366 499 explicare
399 444 587 495 studeat,
628 446 676 486 ut
708 444 922 500 Apollinis
955 445 1140 499 gloriam
1174 447 1410 501 praedicet.
1476 447 1645 489 Pariter
1677 462 1830 490 monu-

141 513 254 556 imus
310 514 394 556 iam
442 514 494 566 inss
533 515 618 556 hoc
667 514 862 557 carmine
909 515 1053 570 ipsum
1102 516 1419 559 Callimachum
1468 532 1493 559 a
1538 517 1680 559 forma
1726 532 1830 560 con-

143 588 269 627 sueta
301 584 546 637 discedere3
591 584 781 640 egregiis
822 584 937 627 enim
980 586 1194 642 Apollinis
1240 587 1509 630 facinoribus
1550 603 1688 629 unum
1730 587 1830 629 ridi-

142 655 288 697 culum
322 655 468 706 adicit,
508 670 595 710 quo
628 655 699 698 ille
732 656 839 698 deus
873 656 954 697 sibi
980 656 1257 712 gratificatus
1290 657 1364 710 sit3
1408 658 1451 699 in
1486 672 1537 700 ea
1569 672 1616 700 re
1648 658 1830 709 iocatur,

143 726 260 781 quod
293 739 471 767 carmen
504 725 683 768 minime
715 726 987 769 homericum
1022 727 1194 783 epilogo
1228 728 1450 771 homerico
1484 728 1720 780 concludit,
1754 743 1830 770 no—

142 811 246 839 vum
286 796 571 851 praeconium
614 811 713 838 cum
745 797 912 851 hymno
945 797 1167 840 homerico
1202 798 1439 854 permiscet
1454 799 1496 855 ¹).
1561 799 1717 855 Neque
1748 800 1832 841 hoc

141 865 298 921 potuit,
341 866 425 907 nisi
458 866 717 909 credidisset.
748 867 933 910 formam
966 867 1094 909 huius
1128 868 1353 924 praeconii
1387 872 1657 921 consuetam,
1699 884 1831 925 quam

141 935 286 979 facete
310 937 559 993 detorquet,
588 937 782 979 omnium
807 937 881 993 qui
903 938 1117 993 legerent,
1142 942 1246 981 ante
1269 939 1464 981 animum
1487 940 1664 982 versari.
1714 939 1831 982 Con-

141 1006 353 1062 sequitur,
406 1010 455 1049 ut
507 1008 623 1049 hanc
670 1007 855 1050 formam
904 1008 1023 1063 prius
1070 1008 1166 1064 ipse
1205 1009 1461 1061 excoluerit,
1509 1009 1553 1051 id
1598 1013 1664 1053 est
1711 1009 1831 1065 prius

141 1077 331 1131 hymnos
371 1078 422 1120 V.
458 1082 499 1120 et
533 1078 607 1121 VI.
643 1077 866 1134 scripserit
906 1093 1038 1134 quam
1070 1079 1165 1131 ΙΠ.;
1216 1079 1258 1121 id
1306 1080 1424 1136 quod
1463 1079 1556 1122 aliis
1596 1081 1650 1123 de
1689 1080 1832 1123 causis

145 1147 343 1204 plerique
375 1149 575 1190 credunt.

260 1218 371 1260 Nam
413 1218 534 1260 illum
573 1219 689 1260 hanc
721 1218 909 1261 formam
942 1219 1150 1262 traditam
1182 1220 1421 1276 accepisse,
1470 1235 1560 1263 non
1592 1221 1830 1273 invenisse,

142 1288 218 1331 vix
267 1292 310 1330 et
354 1303 411 1331 ne
449 1289 524 1332 vix
565 1288 742 1345 quidem
781 1289 886 1331 mihi
924 1290 1182 1346 persuaderi
1220 1290 1394 1347 poterit.
1459 1291 1677 1334 Carminis
1716 1291 1833 1334 enim

140 1373 296 1414 genus,
331 1360 449 1415 quod
482 1359 644 1402 actioni
676 1361 935 1412 aemulatur,
979 1374 1163 1404 necesse
1196 1364 1262 1404 est
1292 1361 1392 1417 legi,
1432 1376 1522 1404 non
1555 1362 1639 1417 agi.
1703 1362 1832 1405 Calli-

141 1431 324 1472 machus
356 1445 447 1472 non
479 1431 590 1473 haec
623 1431 818 1474 carmina
841 1431 1042 1486 Cyrenas
1063 1432 1207 1487 Argos
1239 1432 1433 1475 Eleusim
1464 1433 1629 1481 (vicum
1652 1433 1830 1476 alexan-

141 1501 313 1543 drinum
338 1501 452 1553 dico)
476 1501 594 1543 misit
617 1516 731 1558 quae
757 1504 1009 1557 agerentur,
1038 1503 1114 1545 sed
1137 1502 1289 1545 amicis
1311 1503 1406 1559 ipse
1428 1503 1644 1555 recitavit,
1678 1503 1831 1546 biblio-

142 1571 254 1627 polis
286 1571 465 1613 tradidit
497 1575 545 1613 ut
585 1571 803 1615 venirent.
867 1572 1016 1615 Nostri
1056 1572 1127 1616 ille
1167 1573 1304 1615 multo
1351 1573 1530 1616 similior
1572 1573 1656 1616 fuit
1699 1588 1828 1630 quam

141 1642 319 1684 Pindari
343 1646 419 1685 aut
440 1642 676 1699 Euripidis.
731 1643 918 1695 Quando
943 1658 1047 1687 vero
1073 1644 1269 1687 carmina
1291 1644 1455 1701 scripta
1482 1649 1598 1697 sunt,
1632 1648 1681 1687 ut
1712 1646 1830 1701 lege-

142 1715 297 1756 rentur
337 1716 526 1765 tantum,
575 1728 665 1756 non
714 1716 966 1769 agerentur,
1015 1714 1099 1756 nisi
1143 1718 1290 1758 aetate
1327 1716 1505 1758 demum
1542 1716 1830 1768 hellenistica,

143 1783 400 1826 Callimachi
425 1784 728 1840 temporibus?
773 1784 819 1826 Si
841 1799 946 1827 vero
970 1784 1014 1826 id
1039 1784 1101 1827 ita
1124 1788 1203 1838 est,
1238 1800 1325 1842 quo
1348 1785 1442 1829 iure
1466 1786 1555 1829 tale
1588 1786 1829 1829 carminum

139 1867 282 1909 genus
308 1853 541 1897 inventum
574 1854 720 1910 potius
748 1858 907 1911 poetae
930 1855 1104 1912 aequali
1136 1870 1269 1912 quam
1301 1856 1384 1913 ipsi
1416 1857 1662 1909 tribuimus,
1698 1857 1830 1913 siqui—

139 1925 241 1967 dem
278 1925 425 1967 nullus
463 1925 535 1967 illa
573 1927 720 1968 aetate
754 1928 887 1981 poeta
917 1925 1014 1978 fuit,
1058 1926 1133 1983 qui
1164 1929 1339 1969 tantum
1373 1930 1417 1970 et
1449 1931 1542 1971 arte
1575 1932 1617 1971 et
1651 1928 1830 1984 ingenio

140 1995 340 2038 valeret?
403 1995 516 2037 Nam
548 1996 603 2038 de
636 1995 893 2038 Callimachi
925 1996 1104 2052 ingenio
1137 1997 1199 2040 ita
1239 1997 1395 2050 sentio,
1439 2013 1707 2055 quamquam
1740 1999 1829 2041 scio

138 2067 300 2109 multos
333 2067 387 2108 ab
414 2066 605 2122 Augusti
637 2069 784 2110 aetate
816 2082 958 2124 usque
981 2069 1126 2111 adhuc
1147 2068 1297 2121 fuisse,
1334 2069 1409 2126 qui
1441 2070 1495 2112 de
1520 2070 1592 2112 illo
1617 2085 1743 2113 secus
1766 2070 1829 2112 iu-

139 2137 351 2179 dicarent.
407 2137 563 2193 Neque
585 2137 870 2180 Theocritum
896 2141 1075 2195 poetam
1098 2140 1277 2196 quidem
1300 2140 1678 2196 elegantissimum
1701 2141 1829 2184 Calli-

138 2208 295 2250 macho
329 2210 567 2263 antepono.

968 2341 993 2380 2

256 2420 385 2462 Hanc
407 2419 613 2462 carminis
635 2419 821 2462 formam
845 2435 871 2462 a
894 2421 1162 2464 Callimacho
1191 2424 1234 2465 et
1266 2422 1496 2466 inventam
1530 2427 1574 2466 et
1607 2424 1829 2467 excultam

137 2490 262 2532 multi
321 2493 477 2546 postea
526 2494 793 2546 receperunt
846 2494 890 2534 et
940 2491 1177 2534 flexerunt.
1251 2494 1418 2536 Poetae
1468 2493 1598 2536 huius
1653 2495 1830 2549 generis

137 2561 286 2616 graeci
329 2561 416 2603 iam
459 2575 550 2603 non
591 2564 788 2613 exstant,
837 2576 940 2604 nam
979 2562 1130 2605 Bionis
1167 2562 1349 2614 Adonis,
1398 2564 1611 2620 quicquid
1655 2565 1830 2620 scripsit

136 2630 563 2686 Wilamowitzius2),
598 2631 704 2674 satis
727 2631 928 2675 diversus
951 2636 1036 2686 est,
1072 2633 1269 2675 carmina
1290 2634 1427 2676 latina
1448 2635 1593 2677 adhuc
1624 2635 1829 2677 manibus

135 2701 318 2744 terimus
350 2717 489 2744 unum
522 2705 566 2745 et
599 2702 798 2745 alterum.
861 2703 994 2747 Velut
1026 2703 1182 2745 Horati
1215 2718 1250 2746 c.
1275 2705 1337 2746 ΠΙ
1364 2707 1416 2746 14
1452 2704 1557 2746 mihi
1596 2704 1658 2747 ita
1690 2705 1827 2761 expli-

136 2772 328 2815 candum
369 2772 557 2825 videtur,
605 2788 874 2829 quamquam
914 2788 1068 2817 omnes
1101 2773 1226 2817 aliter
1257 2774 1618 2831 interpretantur.
1682 2777 1826 2819 Homo

136 2843 190 2885 de
213 2843 346 2897 vulgo
369 2842 485 2885 inter
506 2843 848 2896 multitudinem,
883 2858 997 2900 quae
1019 2844 1271 2900 Augustum
1293 2845 1349 2887 ab
1371 2845 1587 2901 Hispania
1618 2847 1826 2889 reducem

254 3006 280 3052 ¹)
308 3006 377 3042 Cfr.
396 3017 429 3050 p.
449 3007 494 3041 76
504 3017 579 3050 sqq.

253 3065 280 3111 2)
306 3065 429 3100 Reden
455 3076 488 3101 u.
508 3066 713 3112 Vortrage³
738 3067 890 3110 332sqq.
