2180 3482
748 258 801 292 De
828 256 976 291 coloniis
1002 257 1187 299 spartanis
1733 257 1812 296 119

124 379 275 409 nonne
313 379 368 408 ex
401 362 616 406 Herodoti
654 362 909 405 narratione
948 361 1073 417 quasi
1111 362 1372 405 manaverit.
1437 361 1667 413 Quomodo
1706 374 1812 403 vero

124 437 235 479 tales
267 435 444 478 fabulae
466 434 511 475 in
535 432 716 476 civitate
739 446 849 489 pura
872 435 980 488 puta
1005 432 1204 474 laconica
1238 432 1355 474 credi
1384 431 1620 487 potuerint,
1651 430 1815 472 frustra

123 506 385 563 requiretur.

242 576 374 618 Plura
411 574 598 617 fortasse
637 588 769 630 quam
803 587 826 615 e
858 572 1031 624 fabulis,
1076 587 1130 615 ex
1162 572 1407 627 Anglorum
1448 570 1814 614 excavationibus

125 648 361 698 lucramur,
394 645 439 686 in
472 644 570 688 vico
600 643 728 687 Melio
766 643 907 695 factis,
942 643 1017 699 qui
1048 657 1169 685 nunc
1203 646 1387 685 vocatur
1415 641 1668 697 Phylacopi.
1708 640 1812 682 Ani-

123 717 460 760 madverterunt
483 714 613 766 enim,
634 729 735 757 cum
759 713 962 756 aedificia
977 713 1098 755 urbis
1117 728 1248 769 quam
1268 711 1537 767 „Phylacopi
1551 712 1616 753 ΙΙ“
1637 713 1812 764 vocant,

123 788 332 830 domuum
349 785 571 841 regiarum
590 784 856 827 cretensium
875 784 1117 840 persimiles
1132 783 1232 835 sint,
1257 784 1434 825 domum
1457 784 1612 824 contra
1629 780 1812 835 regiam,

126 872 240 915 quae
279 858 333 899 ad
371 857 526 899 urbem
558 857 619 898 III
668 855 874 912 pertinet,
934 855 1114 911 propius
1168 855 1222 896 ad
1270 852 1597 895 similitudinem
1645 851 1815 893 illarum

123 929 333 971 domuum
366 927 592 979 accedere,
633 940 746 982 quae
779 928 925 968 aetate
957 938 1202 980 mycenaea
1234 924 1279 965 in
1313 927 1430 966 terra
1463 922 1721 974 continenti,
1766 923 1816 963 ut

124 999 355 1054 Tirynthe,
380 997 641 1041 aedificatae
664 999 778 1039 sunt.
812 996 981 1038 Eodem
1005 995 1198 1051 pertinet
1221 995 1338 1050 quod
1364 993 1613 1036 recentiora
1636 992 1816 1034 vascula

123 1083 213 1111 non
261 1069 345 1111 iam
396 1068 659 1111 ereticorum
707 1067 784 1109 sed
823 1066 1077 1121 argivorum
1119 1065 1280 1107 similes
1322 1067 1444 1115 sunt3
1500 1064 1655 1106 eodem
1697 1062 1816 1118 quod

122 1153 269 1195 neque
302 1138 420 1181 anuli
460 1138 600 1193 sigillo
641 1136 842 1193 impressi
873 1150 1021 1192 neque
1053 1135 1231 1177 tabulae
1268 1133 1425 1177 litteris
1459 1132 1738 1188 conscriptae
1770 1131 1815 1173 in

122 1209 195 1252 illa
225 1210 355 1252 domo
387 1209 599 1251 inventae
633 1210 747 1249 sunt.
801 1207 910 1249 Inde
942 1208 1064 1249 recte
1095 1206 1342 1248 Duncanus
1374 1203 1634 1246 Mackenzie
1649 1203 1678 1258 ¹)
1713 1216 1814 1244 con-

122 1279 305 1322 clusisse
351 1279 540 1330 videtur‚
594 1278 666 1320 illa
713 1280 860 1320 aetate
907 1277 1119 1333 populum
1166 1290 1332 1319 novum
1382 1275 1663 1330 eundemque
1710 1272 1816 1315 satis

122 1351 276 1393 rudem
305 1364 328 1393 e
351 1348 549 1401 Graecia,
584 1348 772 1391 fortasse
806 1362 861 1391 ex
883 1347 1106 1403 Argolide,
1139 1347 1184 1388 in
1217 1346 1333 1388 illam
1365 1345 1557 1387 insulam
1588 1344 1814 1399 migrasse.

123 1421 275 1477 Nuper
307 1434 413 1464 vero
447 1420 629 1463 vascula
662 1433 776 1475 quae
809 1419 863 1461 ad
897 1418 1094 1461 eiusdem
1126 1417 1247 1459 urbis
1279 1420 1479 1473 tempora
1512 1414 1817 1458 recentissima

124 1492 363 1548 pertinent,
387 1491 572 1534 inventa
595 1493 711 1543 sunt,
736 1490 816 1532 sub
835 1489 886 1531 iis
902 1489 1083 1533 vascula
1101 1488 1194 1532 eius
1212 1487 1388 1544 generis
1412 1487 1530 1543 quod
1556 1485 1811 1541 „ialysium“

126 1561 344 1617 dicitur2).
422 1562 481 1604 At
522 1562 637 1604 inter
677 1562 859 1605 vascula
889 1560 1023 1615 Ialysi
1062 1562 1240 1616 reperta
1280 1559 1490 1602 inventus
1533 1560 1601 1600 est
1644 1570 1839 1614 „scara-¹

123 1633 287 1676 baeus“
323 1632 440 1688 regis
472 1632 683 1689 Aegyptii
715 1631 988 1688 Amenophis
1020 1632 1094 1683 III,
1139 1630 1213 1686 qui
1251 1628 1458 1685 regnavit
1490 1627 1618 1670 annis
1651 1641 1688 1669 a.
1714 1626 1814 1669 Chr.

124 1719 167 1746 n.
198 1704 541 1758 1411—1375³).
583 1703 754 1746 Domus
776 1702 899 1757 regia
923 1701 1112 1744 fortasse
1139 1701 1284 1757 paullo
1309 1698 1524 1743 vetustior
1557 1700 1637 1749 est,
1670 1710 1818 1752 neque

122 1777 273 1817 tamen
299 1776 424 1816 tanto
457 1777 505 1816 ut
540 1788 635 1817 eam
670 1774 725 1816 ad
758 1773 946 1816 eandem
979 1775 1171 1814 aetatem
1204 1771 1369 1814 referre
1401 1784 1491 1812 non
1524 1768 1668 1819 liceat,
1703 1780 1818 1823 quae

124 1844 317 1887 decurrit
349 1845 405 1887 ab
438 1859 554 1887 anno
588 1844 762 1886 circiter
798 1846 910 1886 1580
942 1856 1084 1899 usque
1117 1843 1173 1884 ad
1205 1856 1370 1884 annum
1409 1842 1531 1882 1200.
1575 1839 1691 1880 Num
1724 1851 1817 1880 cre-

124 1916 280 1958 damus
313 1916 488 1958 saeculo
512 1915 611 1957 XV.
637 1915 708 1958 vel
730 1914 850 1956 XIV.
880 1928 916 1956 a.
943 1913 1044 1956 Chr.
1069 1928 1110 1954 n.
1135 1910 1512 1955 Lacedaemonios
1546 1908 1740 1952 colonias
1772 1908 1817 1949 in

123 1985 289 2028 insulas
336 1985 534 2028 misisse?
598 1984 846 2028 Verisimile
893 1987 1049 2027 contra
1094 1986 1161 2026 est
1204 1983 1346 2025 Dores
1393 1981 1465 2023 illa
1515 1983 1674 2031 aetate,
1727 1993 1819 2020 non

124 2056 513 2108 Lacedaemonios,
546 2055 755 2111 Argolide
782 2054 1004 2111 profectos
1028 2056 1072 2097 et
1093 2053 1258 2096 insulas
1282 2055 1326 2095 et
1349 2052 1527 2094 Cretam
1561 2062 1817 2105 occupasse,

125 2126 335 2183 pristinos
388 2126 555 2169 incolas
608 2126 651 2168 in
709 2141 833 2168 suam
891 2125 1110 2168 dicionem
1164 2126 1523 2180 potestatemque
1581 2119 1817 2175 redegisse.

124 2198 297 2250 Utrum,
347 2200 582 2254 postquam
624 2196 723 2239 illae
768 2196 938 2239 insulae
982 2195 1147 2238 iamdiu
1191 2194 1367 2236 doricae
1412 2194 1551 2243 erant,
1604 2190 1820 2233 miserunt

124 2267 464 2311 Lacedaemonii
506 2267 580 2324 qui
625 2281 699 2310 eas
741 2266 1029 2322 subigerent?
1091 2265 1161 2307 An
1203 2264 1350 2320 potius
1388 2262 1448 2305 illi
1487 2261 1569 2305 sibi
1608 2275 1682 2304 eas
1715 2274 1818 2303 con-

125 2337 272 2380 ciliare
314 2339 593 2390 studuerunt,
640 2337 739 2380 illae
782 2336 985 2380 civitates
1025 2336 1216 2378 libenter
1261 2348 1307 2377 se
1350 2334 1523 2390 Sparta,
1572 2332 1682 2374 urbe
1725 2333 1819 2373 tum

123 2408 407 2460 nobilissima,
441 2411 560 2451 ortas
593 2408 819 2463 professae
851 2406 983 2449 sunt?

244 2478 476 2535 Reliquom
500 2480 567 2521 est
589 2479 842 2520 Tarentum.
878 2476 1014 2519 Cuius
1038 2477 1322 2531 archegetam
1344 2474 1640 2516 Phalanthum
1674 2486 1729 2515 ex
1755 2471 1818 2513 hi-

126 2549 260 2591 storia
281 2549 325 2591 in
348 2548 520 2591 fabulas
544 2563 621 2591 suo
646 2548 825 2604 quidem
847 2546 941 2590 iure
963 2545 1180 2601 relegavit
1199 2544 1472 2587 Studniczka
1488 2546 1547 2599 (p.
1564 2545 1643 2584 175
1654 2541 1818 2598 sqq.)⁴).

127 2619 216 2661 Sed
246 2619 344 2662 fieri
382 2622 528 2675 potest
569 2622 618 2661 ut
650 2619 889 2673 archegeta
927 2616 1021 2673 ipse
1052 2616 1203 2658 fabula
1235 2615 1303 2667 sit,
1345 2629 1371 2657 a
1402 2616 1536 2670 poeta
1566 2616 1717 2655 tamen
1750 2612 1821 2654 vel

126 2690 181 2732 ab
212 2690 464 2733 hominibus
498 2688 813 2745 superstitiosis
846 2687 1079 2731 comitibus
1113 2686 1345 2728 adiunctus
1379 2685 1448 2737 sit,
1492 2683 1565 2740 qui
1609 2683 1652 2724 in
1693 2681 1821 2725 terris

248 2820 273 2864 ¹)
300 2820 546 2855 Excavations
572 2821 612 2853 at
637 2818 836 2862 Phylacopi
863 2817 931 2851 263
943 2827 1017 2859 sqq.

245 2878 272 2922 ²)
300 2878 370 2913 cfr.
390 2879 482 2913 Ann.
502 2878 536 2912 of
561 2877 622 2912 the
648 2878 740 2911 Brit.
764 2876 890 2911 School
917 2879 957 2909 at,
983 2874 1121 2909 Athens
1147 2874 1253 2909 XVII
1273 2873 1349 2907 119.

245 2937 271 2981 ³)
299 2936 369 2971 Cir.
388 2940 591 2980 temporum
628 2936 757 2970 tabula
796 2935 840 2969 ad
879 2933 1011 2968 calcem
1046 2933 1160 2967 libelli
1194 2932 1395 2974 Fimmenii,
1433 2931 1514 2964 Zeit
1545 2940 1578 2964 u.
1604 2929 1726 2963 Dauer
1760 2929 1822 2962 der

128 2995 563 3038 kretisch-mykenischen
590 2994 735 3029 Kultur.

246 3055 274 3098 4)
303 3054 373 3089 Cfr.
391 3054 523 3098 Ilberg,
550 3053 722 3088 Rosoheri
748 3053 868 3087 Lexic.
887 3051 942 3086 III
960 3051 1062 3085 2237.
