2180 3482
834 240 888 275 De
913 252 969 276 vv.
989 242 1129 276 83—84
1771 249 1821 288 61

139 346 325 388 σκεσθαι
341 344 403 387 ita
419 359 600 401 prorsus
618 345 749 401 positi
771 346 939 388 nullum
963 347 1080 389 aliud
1103 349 1354 404 exemplum
1374 350 1498 402 novi3
1518 351 1595 392 sed
1610 352 1827 404 νέμεσθαι

139 415 193 458 de
236 415 328 470 igni
370 415 517 458 omnia
558 416 801 459 devorante
842 416 929 458 iam
971 421 1205 474 usurparat
1247 420 1466 462 Homerus
1504 421 1544 463 clf
1568 424 1646 462 177
1691 424 1740 464 ἐκ
1782 423 1829 465 ὁὲ

139 488 279 542 πυρὸς
309 488 445 539 μένος
477 488 555 541 ’ἧκε
588 487 806 543 σιὸἠρεον,
842 491 959 544 ὄφρα
993 491 1184 541 νέμοιτο,
1217 493 1316 545 post
1351 504 1451 532 eum
1484 492 1607 533 multi
1641 506 1741 534 cum
1774 493 1829 535 de

138 554 231 610 igni
252 559 346 598 tum
369 557 424 598 de
456 556 637 599 volnere
670 557 741 600 vel
774 558 828 600 de
861 572 1021 600 cancro
1056 573 1235 602 carnem
1269 561 1550 616 depascente.
1594 562 1830 617 Elegantia

137 625 266 668 huius
288 626 373 669 loci
398 626 443 668 in
476 640 527 669 eo
561 627 705 683 posita
738 630 817 680 est,
853 629 971 684 quod
1004 629 1117 683 ignis
1149 630 1236 672 iam
1268 645 1359 673 non
1393 635 1532 684 vorat,
1570 633 1649 675 sed
1682 632 1830 675 cinere

139 699 331 739 voratur.
397 696 618 752 Cyrenaei
662 697 796 752 igitur
840 713 1069 755 nunquam
1116 700 1346 755 patiuntur
1379 701 1572 745 cinerem
1614 704 1830 746 carbones

136 767 368 810 hesternos
400 767 593 823 depasci,
639 768 716 811 sed
751 783 870 811 nova
905 769 1065 812 cotidie
1097 774 1333 825 reponunt.
1389 771 1721 826 Cyrenaeorum
1755 788 1830 816 ara

139 836 299 880 Carnei
330 837 429 879 talis
463 837 651 881 fortasse
682 838 762 880 fuit
789 839 1022 895 Olympiae
1055 841 1195 896 qualis
1223 856 1298 883 ara
1324 842 1453 894 Iovis,
1488 857 1511 885 e
1544 843 1692 886 cinere
1725 858 1828 886 con-

136 910 264 963 gesta
287 908 431 961 (Paus.
457 909 495 951 V
527 911 589 960 13,
621 912 691 961 113
726 912 789 960 15,
819 912 881 964 9),
915 910 999 951 nisi
1033 912 1150 966 quod
1184 911 1345 954 Carnei
1378 927 1453 954 ara
1486 916 1700 968 perpetuo
1735 915 1831 970 ipsa

138 978 335 1030 ardebat,
379 978 571 1021 cinerem
615 980 669 1021 ad
709 994 829 1021 aram
862 980 1140 1035 Olympicam
1179 996 1370 1036 augures
1403 982 1499 1025 Elei
1532 998 1555 1025 e
1587 983 1686 1026 foco
1721 985 1829 1040 Pry-

136 1048 258 1091 tanei
301 1063 390 1091 uno
440 1052 560 1091 certo
605 1049 676 1092 die
713 1049 759 1090 in
797 1064 914 1092 anno
954 1051 1206 1106 portabant,
1259 1066 1348 1094 non
1390 1067 1466 1095 ara
1507 1054 1584 1095 sed
1622 1054 1748 1096 focus
1787 1054 1831 1096 in

137 1119 361 1174 Prytaneo
394 1122 443 1161 ut
475 1134 705 1175 nunquam
744 1120 1117 1176 exstingueretur,
1159 1123 1388 1165 curabant.
1453 1124 1570 1166 Talis
1608 1124 1831 1180 religionis

137 1192 187 1233 ut
223 1189 338 1245 ignis
380 1189 589 1245 perennis
634 1190 800 1243 ardeat,
851 1192 1055 1247 exempla
1087 1206 1249 1248 graeca
1282 1197 1521 1249 supersunt
1552 1210 1696 1251 pauca
1710 1196 1752 1251 ¹),
1786 1196 1830 1238 in

138 1260 391 1303 civitatibus
412 1263 563 1302 tamen
589 1260 650 1302 ita
681 1260 798 1304 inter
829 1276 877 1304 se
909 1262 1088 1305 remotis
1120 1264 1232 1307 haec
1264 1266 1539 1308 consuetudo
1573 1266 1669 1317 fuit,
1704 1270 1753 1308 ut
1785 1267 1830 1309 in

137 1330 321 1387 proclivi
345 1330 401 1373 sit
423 1330 674 1374 coniectare
698 1335 890 1375 aetatem
914 1332 1063 1385 fuisse,
1098 1348 1198 1376 cum
1227 1349 1279 1377 ea
1310 1336 1448 1378 multo
1480 1336 1611 1378 latius
1644 1340 1829 1393 pateret.

137 1402 238 1444 Non
277 1402 411 1457 longe
454 1402 508 1444 ab
548 1402 761 1446 Acacesio
804 1402 849 1444 in
887 1403 1089 1456 Arcadia,
1135 1406 1291 1448 eodem
1332 1406 1428 1449 loco
1471 1407 1546 1448 ubi
1584 1408 1833 1465 Δεσποίνης

137 1472 353 1528 templum
399 1471 495 1524 fuit,
544 1473 676 1515 Panis
718 1474 928 1516 sacellum
972 1478 1080 1527 erat,
1127 1476 1197 1517 cui
1238 1476 1353 1532 ignis
1394 1477 1603 1533 perennis
1649 1479 1832 1521 ardebat

139 1542 284 1594 (Paus.
309 1543 413 1585 VIII
436 1545 505 1595 37,
535 1546 622 1596 11);
657 1544 762 1586 item
791 1544 1045 1588 Mantineae
1075 1545 1121 1587 in
1152 1547 1367 1590 honorem
1404 1547 1578 1591 Cereris
1612 1551 1655 1591 et
1677 1551 1833 1606 Κόρης

139 1613 285 1667 (Paus.
310 1614 413 1656 VIII
436 1617 476 1664 9,
501 1616 558 1667 2).
630 1614 752 1670 Ignis
795 1615 1024 1671 delphicus
1057 1617 1280 1672 perennis,
1319 1618 1485 1674 pariter
1527 1623 1661 1675 atque
1694 1607 1850 1675 olym-³

138 1683 278 1740 picus,
312 1684 437 1727 focus
464 1684 545 1726 fuit
578 1684 714 1726 totius
748 1684 941 1728 civitatis
969 1687 1235 1729 communis:
1271 1688 1451 1731 Orestes
1485 1689 1600 1731 enim
1623 1690 1833 1745 Aeschyli

139 1753 340 1811 Choeph.
366 1771 405 1798 v.
431 1758 540 1797 1036
551 1770 646 1811 sqq.
672 1759 820 1797 narrat
845 1770 891 1799 se
915 1757 1170 1812 confugisse
1193 1759 1248 1800 ad
1273 1762 1565 1815 μεσόμφαλόν
1589 1762 1637 1803 θ’
1655 1761 1831 1817 ἵδρυμα,

137 1825 304 1879 Λοξίου
348 1827 503 1878 πέὸον,
551 1829 693 1882 πυρός
733 1842 778 1868 τε
822 1829 983 1882 φέγγος
1021 1830 1220 1884 ἄφθιτον
1267 1829 1601 1886 κεκλημένονῖ),
1653 1835 1833 1887 φεύγων

138 1897 228 1939 τόδ’
251 1899 365 1950 αἷμα
391 1899 558 1949 κοινόν,
592 1896 744 1938 matris
771 1896 957 1949 scilicet;
992 1900 1086 1940 tum
1109 1899 1230 1941 addit
1255 1901 1347 1943 οὐδ’
1374 1902 1444 1957 ἐφ’
1472 1903 1623 1944 ἑστίαν
1637 1902 1664 1954 ³)
1690 1904 1832 1959 ἄλλην

136 1969 388 2023 τραπέσθαι
410 1968 577 2021 Λοξίας
601 1969 763 2023 ἐφίετο.
810 1968 921 2010 Inde
953 1969 1153 2024 sequitur
1185 1973 1234 2012 ut
1265 1970 1338 2012 illa
1368 1971 1443 2013 lux
1478 1986 1655 2027 quoque
1689 1975 1834 2025 ἑστίας

137 2036 283 2093 fulgor
320 2037 657 2093 interpretanda
689 2036 756 2079 sit.
820 2037 968 2094 Atque
1000 2042 1121 2082 recte
1153 2039 1408 2083 iamdudum
1442 2043 1598 2084 eodem
1630 2042 1831 2085 referun-

137 2110 209 2150 tur
241 2122 397 2151 versus
430 2107 585 2164 hymni
610 2107 821 2151 homerici
843 2108 997 2152 XXIV
1030 2112 1120 2152 tres
1154 2110 1281 2166 primi
1307 2111 1472 2169 εΕστίη,
1508 2116 1535 2169 ἤ
1565 2130 1611 2156 τε
1644 2116 1835 2167 ἄνακτος

138 2179 434 2232 ’Λπόλλωνος
475 2182 650 2222 ἑκάτοιο
681 2180 843 2222 Πυθοῖ
874 2181 924 2222 ἐν
956 2182 1131 2238 ἠγαθέῃ
1165 2183 1286 2238 ἱερὸν
1325 2184 1466 2237 ὁόμον
1498 2186 1832 2240 ἀμφιπολεύεις,

139 2252 225 2292 αἰεὶ
247 2255 339 2292 σῶν
361 2251 612 2304 πλοκάμων
636 2250 924 2305 ἀπολείβεται
952 2252 1091 2307 ὑγρὸν
1123 2254 1295 2306 ἔλαιον,
1330 2253 1426 2296 oleo
1461 2254 1577 2296 enim
1609 2254 1833 2297 flammam

139 2320 394 2375 pascebant.
458 2320 558 2363 Non
591 2320 636 2362 in
670 2322 889 2375 prytaneo
903 2320 934 2374 ⁴)
977 2322 1054 2363 sed
1094 2322 1140 2363 in
1181 2323 1347 2379 templo
1380 2324 1609 2368 Minervae
1642 2324 1832 2368 Poliadis

258 2449 283 2494 ¹)
309 2450 543 2485 Lateroulum
562 2462 584 2485 a
602 2451 762 2496 Gruppio
782 2453 928 2497 (griech.
949 2452 1063 2496 Myth.
1085 2453 1162 2496 727,
1184 2453 1217 2497 1)
1242 2457 1491 2497 comparatum
1517 2465 1580 2498 pro
1606 2456 1704 2490 virili
1729 2459 1834 2499 parte

138 2518 270 2552 augere
288 2509 412 2543 studui
459 2510 510 2544 At
535 2510 641 2553 plura
668 2511 778 2545 habui
797 2522 899 2554 quae,
926 2523 1006 2546 cum
1024 2511 1110 2546 illuc
1130 2522 1201 2545 non
1221 2512 1393 2556 facerent,
1421 2513 1598 2548 demerem
1616 2525 1723 2557 quam
1742 2526 1833 2557 quae

139 2566 322 2610 adderem;
350 2568 452 2602 velut
475 2568 660 2603 lucernam
685 2571 720 2604 in
748 2571 884 2614 templo
912 2570 1062 2605 Veneris
1088 2571 1319 2614 Agyrinensi,
1347 2571 1389 2606 de
1415 2583 1486 2614 qua
1512 2583 1593 2607 mox
1619 2574 1756 2616 loquar.

256 2626 283 2672 ²)
308 2627 422 2661 Recte
466 2627 781 2672 Wilamowitzius,
824 2632 867 2663 ut
907 2628 995 2663 illud
1037 2629 1277 2675 κεκλημένον
1318 2630 1535 2674 enuclearet,
1579 2634 1694 2666 τόπον
1735 2632 1833 2666 ἔνθα

138 2685 318 2730 κέκληται
344 2686 477 2721 similia
503 2689 738 2730 comparavit.

257 2744 283 2789 ³)
310 2747 486 2790 ἐφέστιον
511 2746 609 2780 tradi
634 2746 794 2789 videtur3
821 2747 883 2792 ἐφ’
910 2748 1036 2781 ἑστίαν
1063 2747 1251 2781 Turnebus
1277 2749 1451 2782 restituit.

254 2803 283 2847 ⁴)
310 2803 439 2838 Nescio
457 2814 525 2846 quc
545 2805 678 2839 indicio
696 2805 782 2840 freti
799 2806 934 2840 Frazer
953 2805 1012 2849 (ad
1031 2805 1137 2839 Paus.
1160 2806 1248 2840 VIII
1268 2806 1323 2849 53,
1343 2806 1378 2850 9)
1406 2810 1443 2841 et
1468 2808 1530 2849 qui
1556 2818 1636 2841 eum
1662 2812 1834 2843 secuntur

138 2861 249 2906 Angli
267 2872 381 2905 paene
399 2873 463 2906 pro
482 2867 580 2898 certo
605 2863 795 2898 venditent
819 2866 857 2898 in
884 2865 1041 2898 omnium
1060 2865 1253 2898 civitatum
1270 2875 1481 2909 graecarum
1500 2868 1688 2908 prytaneis
1713 2868 1833 2911 ignem

139 2921 397 2963 sempiternum
435 2923 579 2956 arsisse.
631 2923 772 2957 Polluci
807 2923 902 2957 enim
940 2923 1090 2956 nimium
1128 2923 1306 2965 tribuunt,
1346 2925 1406 2966 qui
1433 2924 1464 2966 (I
1483 2924 1517 2969 7)
1556 2926 1703 2968 scripsit
1737 2928 1833 2960 οὕτω

140 2977 282 3021 (ἑστίαν
307 2979 401 3024 vult)
440 2981 472 3014 δ’
498 2982 546 3014 ἂν
583 2982 792 3026 κυριώτατα
830 2981 990 3025 καλοίης
1025 2982 1091 3024 τὴν
1125 2985 1167 3015 ἐν
1201 2985 1425 3027 πρυτανείῳ,
1463 2984 1523 3029 ἐφ’
1551 2985 1592 3028 ἧς
1623 2986 1661 3019 τὸ
1693 2988 1769 3031 πῦρ
1795 2986 1833 3019 τὸ

140 3036 321 3078 ἄσβεστον
340 3040 553 3073 ἀνάπτεται.
598 3040 658 3082 At,
686 3043 728 3073 ut
746 3041 934 3074 mittamus
961 3042 1028 3074 ἐπί
1051 3052 1150 3081 τινος
1176 3041 1414 3076 ἀνάπτεσθαι
1441 3043 1562 3085 aptius
1588 3045 1625 3077 in
1650 3044 1833 3079 lucernam
