2180 3482
602 225 656 265 De
682 231 910 266 invocatione
941 228 1115 273 Οἰκιστής
1141 229 1320 264 similibus
1753 232 1808 270 33

121 336 476 394 septentrionalis
498 336 629 378 Ponti
660 335 824 378 Euxini
856 335 1013 391 Apollo
1046 335 1251 390 Ἡγεμών
1274 335 1519 388 colebatur;
1553 335 1608 376 ad
1631 336 1808 390 septen-

119 409 308 451 trionem
347 407 463 451 enim
501 406 663 449 montis
697 405 884 449 Caucasi
922 405 1069 461 phiala
1107 408 1319 460 argentea
1351 404 1536 448 inventa
1575 408 1655 457 est,
1698 419 1809 460 opus

120 479 326 531 ionicum,
360 478 430 521 cui
461 477 722 533 inscriptum
755 480 820 519 est
854 475 1145 529 ’Λπόλλωνος
1177 475 1427 531 “Ηγεμόνος
1455 479 1544 530 εἰμὶ
1564 476 1662 530 τὸ’μ
1686 477 1809 527 Φάσι,

121 553 170 592 ut
207 553 328 593 recte
367 547 647 603 Kieseritzky
685 547 847 589 tradita
885 546 1087 589 distinxit
1124 546 1272 600 (Arch.
1303 546 1414 590 AnZ.
1449 549 1572 598 1901,
1602 549 1689 600 56),
1728 547 1812 588 hoc

122 624 189 664 est
226 627 304 664 τοῦ
343 622 397 674 ε’μ
437 620 559 662 Φάσι.
599 644 653 649 -
698 618 899 661 Eandem
937 617 1073 660 fuisse
1105 616 1308 660 vocabuli
1341 616 1551 674 Ἀγρέτης
1590 616 1812 672 significa-

121 692 300 743 tionem,
346 704 432 747 quo
476 689 571 732 Chii
617 689 901 744 (GD15666
942 688 1236 741 ’Λπόλλωνος
1276 690 1517 744 Ἀγρέτεω)
1567 688 1697 730 deum
1748 687 1812 729 in-

123 762 357 813 vocabant,
401 760 614 816 Hesychii
652 760 799 815 glossa
831 761 1043 816 ἀγρέταν·
1085 760 1284 815 ἡγεμόνα
1317 759 1430 801 θεόν
1469 758 1628 800 collata
1665 758 1815 800 docuit

122 833 337 875 Ernestus
368 831 559 874 Frankel
592 831 787 885 (Glottae
819 831 838 872 Ι
865 832 1040 885 281,1).

238 904 434 956 Κτίστας
467 902 654 958 Cyrenis
686 901 842 957 Apollo
882 901 1143 944 observatus
1182 914 1279 943 esse
1315 914 1405 942 non
1438 900 1578 942 solum
1610 899 1656 941 in
1688 899 1814 942 titulo

123 988 230 1016 sane
255 973 560 1016 recentissimo
594 972 711 1015 CIG
734 974 842 1014 5141
872 971 1072 1023 traditur,
1097 971 1171 1013 ubi
1194 971 1240 1013 L.
1264 970 1467 1014 Valerius
1489 970 1668 1013 Ariston
1691 974 1815 1028 ἱερώ-

122 1061 257 1100 μενος
293 1051 371 1088 τοῦ
403 1045 600 1087 Κτίστου
633 1042 925 1095 ’Λπόλλωνος
967 1042 1233 1098 appellatum
1282 1042 1360 1084 sed
1397 1055 1540 1097 nuper
1578 1042 1815 1085 documen—

123 1119 217 1158 tum
250 1115 435 1158 accessit
466 1115 604 1157 multo
638 1113 874 1157 vetustius:
909 1113 1088 1156 decreto
1122 1112 1238 1156 enim
1267 1126 1500 1168 cyrenan,
1534 1113 1653 1168 quod
1678 1112 1816 1154 Maxi-

123 1186 326 1228 milianus
362 1186 397 1227 F
401 1185 553 1227 rankel
599 1184 817 1239 (Berliner
856 1184 1162 1239 Sitzungsber.
1198 1186 1321 1236 1903,
1361 1186 1435 1238 85)
1481 1197 1505 1226 e
1542 1183 1819 1226 Fourmontii

124 1256 297 1299 schedis
346 1256 391 1298 in
434 1256 579 1298 lucem
624 1254 819 1311 protulit,
865 1255 1057 1298 honores
1101 1255 1221 1297 Phao
1268 1253 1470 1297 Clearisti
1507 1253 1535 1296 f.
1565 1254 1820 1297 tribuuntur

125 1330 306 1383 propter
338 1326 477 1368 multa
508 1325 678 1378 merita,
720 1325 835 1368 inter
868 1340 982 1382 quae
1015 1328 1059 1369 et
1098 1325 1233 1381 legati
1271 1339 1431 1367 munus
1464 1325 1509 1366 in
1549 1324 1663 1367 bello
1705 1325 1818 1367 Mar-

123 1397 302 1450 marico,
345 1397 463 1453 quod
505 1396 707 1452 Augusto
748 1396 1016 1452 imperatore
1055 1395 1152 1448 fuit,
1196 1398 1480 1438 enumeratur
1525 1399 1569 1438 et
1605 1395 1820 1452 Apollinis

125 1467 421 1511 sacerdotium
459 1467 531 1523 pie
573 1471 615 1510 et
654 1467 866 1510 munifice
903 1466 1270 1509 administratum.
1335 1467 1490 1523 Neque
1524 1466 1640 1509 enim
1672 1466 1820 1509 facere

124 1553 305 1595 possum
333 1538 440 1595 quin
472 1538 577 1580 illud
611 1543 654 1591 (a
680 1540 747 1590 12)
781 1539 1064 1595 παρ[λα]βών
1095 1554 1141 1581 τε
1175 1540 1252 1581 τὸν
1286 1542 1347 1580 τῶ
1374 1541 1525 1580 κτίστα
1551 1542 1628 1591 τᾶς
1656 1539 1820 1591 πόλεος

127 1612 256 1664 ἁμῶν
288 1611 584 1662 Ἀπόλλωνος
617 1611 847 1665 στέφανον
880 1609 935 1651 ad
966 1609 1055 1652 tale
1087 1608 1284 1651 officium
1326 1608 1456 1664 quale
1494 1608 1538 1649 in
1580 1608 1675 1650 aliis
1714 1605 1839 1652 civi?

126 1680 292 1723 tatibus
339 1682 683 1737 στεφανηφόρος
727 1686 804 1723 τοῦ
849 1681 962 1723 θεοῦ
1007 1680 1273 1736 appellatur,
1324 1678 1533 1731 referam,
1584 1693 1675 1721 non
1720 1693 1821 1721 cum

128 1751 362 1794 Frankelio
396 1752 451 1793 ad
484 1765 693 1793 coronam
726 1751 772 1792 in
806 1750 988 1793 Carneis
1020 1753 1312 1806 reportatam;
1346 1749 1429 1793 iste
1462 1749 1579 1792 enim
1601 1764 1692 1792 non
1715 1751 1819 1792 adu-

127 1822 396 1865 lescentulus
442 1821 544 1874 fuit,
593 1822 670 1865 sed
709 1821 775 1864 vir
813 1824 959 1864 aetate
1003 1825 1262 1877 provectus,
1315 1820 1531 1877 siquidem
1578 1820 1663 1863 iam
1701 1821 1820 1876 lega-

127 1893 293 1935 tionem
311 1896 522 1948 gesserat.
542 1918 594 1923 -
610 1892 758 1948 Atque
777 1894 844 1935 est
856 1892 963 1934 illud
981 1906 1231 1947 cognomen
1250 1891 1356 1934 satis
1373 1906 1538 1934 rarum:
1562 1891 1822 1948 Apolloniae

128 1977 234 2007 vero
267 1978 356 2006 una
388 1962 433 2005 in
466 1963 640 2006 colonia
671 1963 840 2018 illyrica
867 1962 1196 2006 Corinthiorum
1229 1962 1400 2005 nummi
1432 1962 1585 2005 excusi
1611 1966 1715 2004 sunt
1737 1965 1821 2006 Νέ-

128 2051 239 2091 ρωνι
271 2034 528 2078 Ἀπόλλωνι
566 2036 738 2091 Κτίστῃ
770 2033 815 2076 in
855 2034 1068 2078 honorem
1102 2034 1246 2089 (Head
1277 2034 1318 2076 h.
1349 2032 1415 2075 n.²
1443 2036 1559 2088 314).
1624 2033 1690 2076 Ne
1729 2048 1821 2076 cre-

128 2106 283 2148 damus
315 2105 631 2161 ApolloniataS,
676 2105 794 2161 quod
827 2104 1081 2148 assentandi
1124 2104 1315 2147 studium
1360 2104 1474 2146 illius
1521 2104 1686 2148 saeculi
1726 2104 1822 2157 fuit,

129 2176 352 2219 Neronem
389 2179 569 2233 κτίστην
609 2190 807 2228 vocasse,
846 2179 941 2218 tum
981 2190 1081 2218 cum
1120 2176 1202 2219 deo
1242 2190 1320 2218 suo
1358 2175 1563 2231 Apolline
1602 2176 1824 2218 Neronem

128 2250 311 2304 κτίστην
333 2246 600 2299 confudisse,
629 2246 947 2302 epigrammate
979 2246 1025 2288 in
1047 2247 1227 2290 donario
1251 2246 1472 2302 olympico
1494 2246 1824 2302 Apolloniatum

127 2317 340 2374 inscripto
372 2317 668 2374 prohibemur,
703 2318 822 2374 quod
846 2318 1086 2360 Pausanias
1109 2318 1165 2371 (V
1189 2320 1258 2370 22,
1277 2320 1322 2371 3)
1351 2316 1602 2373 exscripsit:
1630 2317 1822 2371 μνάματ’

128 2390 444 2442 Ἀπολλωνίας
468 2390 763 2443 ἀνακείμεθα,
796 2391 879 2445 τὴν
911 2391 978 2432 ἐνὶ
1000 2392 1153 2444 πόντῳ
1180 2387 1331 2444 Ἰονίῳ
1356 2389 1516 2445 Φοῖβος
1549 2388 1670 2444 ᾤκισ’
1699 2391 1824 2445 ἀκερ-

131 2463 336 2513 σεκόμας.
400 2459 703 2515 Apolloniatas
745 2459 982 2502 credidisse
1021 2474 1145 2502 suam
1183 2460 1337 2502 urbem
1377 2459 1431 2502 ab
1470 2459 1565 2515 ipso
1605 2459 1686 2502 deo
1721 2473 1824 2502 con-

130 2530 266 2573 ditam
299 2544 395 2573 esse
434 2530 577 2586 ipsum
609 2532 901 2574 Ἀπολλωνία
942 2544 1106 2573 nomen
1144 2529 1304 2573 docere
1342 2532 1530 2586 poterat.
1590 2530 1700 2572 Inde
1738 2530 1825 2573 col-

130 2601 305 2657 ligimus
322 2616 413 2644 non
428 2602 650 2644 Neronem
669 2601 943 2644 conditorem
960 2601 1104 2657 ipsum
1120 2601 1391 2657 appellatum
1409 2601 1487 2644 sed
1505 2615 1605 2643 cum
1621 2600 1825 2657 Apolline

131 2672 359 2716 conditore
392 2687 490 2716 esse
523 2672 770 2715 confusum.

248 2743 512 2786 Huiusmodi
544 2745 814 2800 ἑπικλησεις,
848 2757 923 2786 eas
956 2742 1234 2799 potissimum
1268 2758 1378 2799 quas
1412 2757 1511 2785 cum
1550 2742 1595 2784 in
1634 2741 1727 2784 aliis
1767 2741 1825 2783 ci-

131 2813 343 2857 vitatibus
382 2813 542 2857 doricis
579 2817 674 2856 tum
708 2814 896 2869 Cyrenis
928 2813 973 2855 in
1006 2829 1089 2856 usu
1120 2813 1258 2856 fuisse
1290 2814 1361 2857 vel
1393 2812 1603 2855 traditum
1636 2811 1823 2867 legimus

132 2885 203 2927 vel
237 2885 553 2937 concludimus,
589 2884 886 2927 Callimachus
919 2884 1100 2940 respicit
1133 2898 1298 2940 easque
1331 2884 1391 2926 ita
1419 2883 1641 2939 explicare
1665 2883 1826 2935 studet,

134 2954 258 3009 quasi
292 2955 514 3012 plerisque
546 2955 591 2998 in
625 2955 880 2999 civitatibus
902 2955 1060 3011 Apollo
1088 2968 1141 2998 ea
1167 2955 1220 2997 de
1245 2969 1377 2997 causa
1405 2953 1607 2996 conditor
1628 2957 1826 3005 vocetur,

135 3025 253 3080 quod
291 3029 335 3068 et
372 3026 505 3068 urbes
544 3025 710 3082 primus
749 3025 976 3068 dimensus
1014 3024 1070 3066 sit
1109 3028 1152 3068 et
1192 3024 1455 3067 aedificandi
1488 3027 1629 3066 artem
1662 3023 1828 3079 primus

205 3106 366 3140 Pasquali,
386 3107 599 3140 Quaestiones
620 3107 866 3135 Callimacheae.
1593 3095 1616 3127 3
