2180 3482
352 252 431 292 116
979 247 1033 283 De
1058 248 1192 284 fabulis
1216 251 1402 293 cyrenaeis

348 357 598 411 supersunt,
634 353 792 409 quibus
824 353 926 396 freti
958 356 1205 397 statuamus
1228 355 1407 398 colonos
1429 371 1572 399 novos
1595 357 1831 413 aliquando
1855 358 1899 400 in
1923 358 2039 402 illam

347 426 535 468 insulam
567 423 798 475 invasisse,
842 423 1009 466 incolas
1042 425 1250 480 pristinos
1284 426 1518 482 pepulisse.
1571 427 1629 469 At
1669 428 1857 483 Spartae
1892 429 2038 484 Angli,

348 496 421 552 qui
455 499 496 538 et
531 494 712 538 Orthiae
745 498 788 537 et
822 494 1072 538 Chalcioeci
1103 497 1271 552 templa
1303 496 1568 550 effoderunt,
1610 498 1779 540 nullum
1811 500 2040 542 vasculum

347 567 628 617 invenerunt,
664 566 783 621 quod
815 579 932 607 anno
969 568 1054 608 900
1093 567 1313 610 vetustius
1345 567 1590 621 videretur,
1634 571 1769 624 atque
1807 569 1891 625 ipsi
1925 585 2040 626 quae

346 636 652 693 antiquissima
694 635 958 687 iudicarunt,
1005 650 1058 679 ea
1099 640 1274 679 tantum
1319 638 1374 680 de
1415 652 1550 680 causa
1591 639 1644 681 ad
1686 639 1803 681 illam
1848 644 2040 683 aetatem

345 708 625 759 rettulerunt,
661 707 779 762 quod
805 707 1088 749 vasculorum
1109 707 1495 762 geometricorum,
1525 723 1713 764 quorum
1735 710 2041 753 recentissima

346 793 462 821 anno
515 777 688 820 circiter
727 780 812 819 750
855 777 962 819 ficta
1012 778 1267 830 creduntur,
1316 781 1487 820 tantum
1524 782 1706 835 tamque
1744 781 1881 822 altum
1920 795 2040 824 acer-

346 864 451 892 vum
477 849 762 899 invenerunt,
790 851 839 890 ut
862 851 1212 891 consentaneum
1237 847 1464 891 videretur
1487 863 1588 891 eum
1611 864 1701 892 non
1723 865 1812 893 uno
1836 855 1879 894 et
1903 852 2040 895 altero

346 933 462 963 anno
502 920 578 962 sed
619 933 836 961 annorum
883 918 1057 961 circiter
1100 921 1180 961 150
1219 918 1361 975 spatio
1403 922 1667 975 congestum
1708 935 1804 964 esse
1820 921 1860 976 ¹).
1925 922 2042 964 Num

345 990 581 1034 verisimile
615 993 680 1032 est
714 989 940 1032 civitatem
971 1003 1116 1045 nuper
1149 989 1374 1032 conditam
1407 990 1527 1033 cives
1559 994 1683 1033 trans
1709 1005 1830 1034 mare
1855 992 2040 1044 misisse,

346 1061 421 1118 qui
453 1060 670 1103 coloniam
702 1060 748 1101 in
780 1060 924 1102 insula
956 1060 1228 1102 conderent?

462 1132 521 1174 At
552 1132 690 1173 multo
723 1130 1003 1174 verisimilius
1037 1134 1103 1173 est
1136 1132 1326 1174 Theram
1358 1132 1495 1174 multo
1529 1134 1631 1187 post
1664 1146 1689 1174 a
1722 1132 1882 1188 Sparta
1916 1133 2042 1189 quasi

345 1203 391 1245 in
422 1202 541 1245 filiae
572 1203 718 1244 locum
752 1202 1009 1258 adoptatam
1044 1215 1152 1244 esse.
1203 1202 1313 1243 Nam
1349 1205 1471 1244 aetas
1504 1201 1600 1254 fuit,
1635 1217 1736 1245 cum
1774 1203 1846 1245 illa
1885 1203 2041 1247 civitas

346 1273 504 1317 ceteris
544 1272 798 1316 civitatibus
838 1272 1010 1327 graecis
1047 1272 1250 1328 potentia
1289 1276 1333 1315 et
1365 1272 1582 1328 dignitate
1613 1273 1747 1328 longe
1780 1277 2040 1329 praestaret,

346 1358 537 1400 cumque
570 1344 691 1386 nulla
725 1346 854 1395 esset,
890 1343 1014 1385 cuius
1048 1357 1137 1385 non
1172 1343 1409 1386 interesset
1443 1343 1659 1398 originem
1693 1359 1816 1386 suam
1850 1359 1875 1387 a
1906 1345 2041 1388 Lace-

346 1414 588 1457 daemoniis
621 1417 836 1470 repetere.
893 1414 1129 1456 Saeculum
1163 1413 1260 1456 dico
1284 1414 1357 1456 VI.
1414 1413 1543 1465 Quid,
1578 1413 1613 1456 si
1640 1415 2041 1458 demonstrabimus

347 1500 501 1528 omnes
541 1485 758 1536 civitates,
800 1499 914 1540 quae
953 1498 1000 1527 se
1040 1484 1200 1540 Sparta
1238 1488 1356 1526 ortas
1396 1484 1723 1540 praedicarunt,
1764 1499 1789 1527 a
1820 1485 2042 1529 Lacedae-

345 1557 503 1600 moniis
537 1556 682 1612 potius
721 1556 955 1611 adoptatas
989 1569 1121 1611 quam
1154 1555 1357 1610 genitas?
1415 1555 1453 1596 A
1488 1554 1656 1597 Cnidiis
1689 1555 1896 1609 ordimur,
1932 1571 2042 1612 quos

346 1629 598 1670 Herodotus
647 1627 682 1679 (I
725 1628 823 1682 174)
871 1626 1246 1680 Λακεδαιμονίων
1292 1628 1511 1678 ἀποίκους
1555 1625 1677 1668 dixit.
1742 1627 1864 1668 Idem
1911 1626 2040 1670 Calli-

345 1699 528 1740 machus
553 1697 713 1740 cecinit
738 1698 794 1747 (h.
819 1697 880 1739 VI
905 1699 975 1748 24>
1003 1696 1140 1739 fuisse
1168 1711 1267 1739 cum
1291 1696 1466 1752 Pelasgi
1492 1697 1691 1738 nondum
1714 1696 2041 1740 Chersonesum

347 1769 548 1811 Cnidiam
583 1769 659 1811 sed
691 1767 873 1809 Dotium
906 1767 1172 1819 habitarent,
1218 1767 1261 1809 id
1295 1770 1361 1810 est
1394 1766 1579 1809 credidit
1618 1766 1827 1822 pristinos
1861 1767 2041 1811 Cnidios

345 1840 579 1882 Thessalos
618 1839 767 1882 fuisse.
833 1838 993 1880 Strabo
1027 1839 1153 1893 (XIV
1187 1840 1290 1893 653)
1323 1841 1477 1880 narrat
1507 1838 1677 1880 Dorum
1711 1838 1785 1894 qui
1816 1839 2043 1894 Megaram

346 1911 645 1953 condidissent
680 1912 851 1966 partem
880 1910 1084 1951 Rhodum
1118 1912 1162 1951 et
1185 1908 1375 1951 Cnidum
1409 1912 1453 1951 et
1476 1907 1571 1951 Con
1605 1911 1649 1951 et
1681 1908 2042 1951 Halicarnassum

344 1982 571 2037 migrasse.
637 1980 872 2035 Singulare
915 1982 1034 2022 certe
1077 1983 1144 2022 est
1185 1980 1419 2022 Thessalos
1462 1979 1588 2035 quasi
1626 1978 1792 2021 incolas
1830 1979 2040 2035 pristinos

344 2055 394 2094 ut
432 2053 604 2095 Therae
648 2051 709 2092 ita
751 2050 879 2093 Cnidi
927 2050 1280 2103 commemorari3
1320 2064 1467 2106 neque
1506 2054 1657 2092 tamen
1697 2050 1855 2092 Strabo
1897 2064 2041 2093 errare

344 2123 533 2174 videtur,
568 2136 666 2164 cum
690 2136 777 2163 non
809 2122 1052 2176 Spartanos
1085 2121 1163 2163 sed
1197 2121 1374 2163 eosdem
1395 2120 1539 2162 Dores
1568 2119 1758 2162 Cnidum
1792 2120 2042 2163 condidisse

344 2196 546 2244 testatur,
581 2191 656 2247 qui
683 2192 887 2233 Rhodum
921 2194 963 2233 et
988 2190 1083 2234 Con
1112 2190 1241 2246 primi
1271 2190 1540 2232 habitarunt.
1588 2190 1762 2232 Nomen
1795 2190 1913 2233 enim
1947 2205 2039 2234 cer-

343 2264 377 2305 ti
414 2263 700 2317 magistratus
739 2264 971 2318 ὁαμιοργοί
1004 2261 1145 2303 Cnido
1186 2275 1286 2303 cum
1319 2261 1475 2303 Rhodo
1510 2264 1554 2303 et
1586 2260 1759 2316 Nisyro,
1805 2276 1897 2304 non
1939 2276 2040 2304 cum

346 2335 506 2390 Sparta
540 2346 773 2375 commune
806 2332 902 2383 fuit,
935 2331 1189 2388 Aesculapii
1214 2331 1366 2386 religio
1390 2346 1482 2373 non
1509 2345 1609 2373 cum
1637 2331 1797 2387 Sparta
1830 2333 1907 2375 sed
1940 2347 2040 2374 cum

343 2404 567 2460 Epidauro
584 2403 625 2455 ²).
691 2403 851 2445 Rhodii
883 2417 930 2446 se
961 2418 1051 2445 non
1079 2402 1456 2445 Lacedaemonios
1490 2402 1568 2444 sed
1592 2402 1785 2457 Argivos
1818 2402 2038 2454 dixerunt,

345 2475 424 2517 Coi
462 2490 553 2516 non
592 2474 969 2516 Lacedaemonios
1014 2474 1091 2516 sed
1129 2472 1406 2529 EpidauriOS,
1447 2472 1489 2514 id
1530 2476 1594 2515 est
1634 2473 1798 2528 pariter
1834 2473 2037 2529 Argivos

345 2545 473 2597 Quid,
508 2545 544 2587 si
575 2545 808 2600 opinemur
840 2545 1073 2587 Thessalos
1108 2544 1261 2600 primo,
1301 2547 1396 2585 tum
1427 2544 1571 2586 Dores
1605 2557 1660 2586 ex
1693 2543 1902 2599 Argolide
1935 2543 2038 2587 Cni-

345 2616 448 2657 dum
491 2615 832 2671 transmigrasse
874 2615 1067 2670 indeque
1108 2614 1320 2656 harbaros
1358 2613 1567 2669 pristinos
1609 2613 1789 2666 incolas,
1830 2614 1965 2657 Cares
2004 2614 2039 2656 si

344 2686 409 2728 dis
453 2687 611 2742 placet,
666 2685 917 2742 pepulisse?
980 2686 1030 2727 Id
1072 2699 1177 2728 vero
1219 2688 1463 2740 utcumque
1506 2688 1585 2736 est,
1640 2685 1726 2727 hoc
1772 2699 1910 2726 unum
1958 2699 2037 2741 pro

462 2816 487 2860 ¹)
515 2816 585 2850 Cfr.
611 2817 742 2859 Droop,
778 2816 870 2850 Ann.
901 2815 935 2849 of
969 2815 1030 2849 the
1065 2814 1205 2849 British
1242 2814 1368 2850 School
1401 2817 1440 2848 at
1471 2813 1611 2848 Athens
1637 2814 1726 2847 XIII
1745 2814 1828 2856 1353
1861 2814 2039 2848 Dawkins

343 2875 428 2909 XVI
455 2876 498 2909 29
511 2886 584 2917 sqq,
639 2875 724 2909 Urbi
756 2880 973 2917 mycenaeae
1007 2875 1045 2907 in
1077 2873 1273 2916 Menelaeo,
1307 2883 1399 2915 quae
1430 2874 1513 2916 igne
1546 2873 1739 2916 absumpta
1765 2876 1822 2907 est
1847 2872 1931 2916 (ibd.
1950 2872 2038 2908 XVI

343 2934 475 2978 4sqq.),
503 2937 647 2968 constat
672 2933 761 2967 nihil
787 2934 930 2967 omnino
958 2943 1037 2967 cum
1064 2932 1198 2976 Sparta
1224 2933 1375 2966 civitate
1400 2941 1532 2975 graeca
1557 2932 1815 2965 intercessisse.

461 2992 487 3036 2)
519 2992 618 3026 Idem
658 2993 731 3026 iam
771 2991 1110 3026 animadverterunt
1143 2990 1309 3033 Bechtel,
1351 2989 1493 3024 Griech.
1522 2989 1772 3024 Dial.-Inschr.
1802 2989 1857 3023 ΠΙ
1889 3000 1922 3032 p.
1950 2989 2035 3030 221;

343 3049 480 3093 Busol‘n,
508 3050 648 3084 Griech.
671 3050 797 3084 Geseh.
819 3050 872 3084 III
890 3051 921 3093 2,
937 3049 1032 3084 361¹.
