2180 3482
339 225 420 266 100
969 219 1023 253 De
1048 219 1181 253 fabulis
1207 220 1392 262 cyrenaeis

334 329 520 384 Libyam
559 326 819 368 translatam
861 338 958 367 esse
996 324 1114 376 fecit,
1157 324 1322 380 pariter
1359 323 1647 379 Phylarchus.
1728 324 1780 365 In
1820 324 2028 366 thesauro

338 399 671 455 Cyrenaeorum
703 395 906 451 delphico
941 395 1119 451 Cyrene
1152 409 1252 438 cum
1292 395 1422 437 leone
1460 394 1675 437 dimicans
1708 394 1883 450 sculpta
1915 396 2027 447 erat3

336 470 413 512 sed
451 471 599 510 utrum
637 466 779 521 Libya
816 481 873 508 an
921 466 1068 522 potius
1109 466 1265 521 Apollo
1311 465 1516 523 Cyrenae
1557 479 1581 507 a
1624 464 1802 506 sinistra
1843 464 2028 516 steterit,

336 540 430 595 ipse
453 537 689 580 Maltenius
714 538 770 592 (p.
797 539 868 584 57)
897 536 1139 578 confitetur
1172 550 1196 579 e
1227 535 1423 592 reliquiis
1456 535 1683 577 diiudicari
1716 549 1807 577 non
1841 549 1972 590 posse
1987 535 2027 589 ¹).

337 610 492 665 Neque
541 622 644 663 ergo
685 607 891 650 extricari
928 606 1106 662 poterit,
1155 609 1303 648 utrum
1350 606 1396 648 in
1435 605 1577 660 Libya
1615 620 1672 647 an
1710 605 1756 647 in
1789 605 2029 657 Thessalia,

336 679 410 736 qui
449 678 645 734 sculpsit,
683 678 859 720 leonem
897 676 1183 719 interfectum
1224 689 1320 718 esse
1360 675 1693 719 existimaverit.
1758 675 1887 727 Quod
1925 689 2030 718 vero

334 750 379 792 in
413 749 667 804 anaglypho
701 747 859 790 aetatis
890 760 1116 799 romanae,
1151 747 1270 802 quod
1303 746 1578 788 Studniczka
1610 747 1667 802 (p.
1699 748 1772 800 30)
1807 745 2031 788 delinean-

337 821 438 862 dum
481 818 665 870 curavit,
699 817 853 873 Libya,
889 817 1013 860 cuius
1040 830 1204 859 nomen
1236 816 1391 858 titulus
1425 816 1673 872 adscriptus
1705 818 1908 868 testatur,
1944 815 2031 871 Cy-

335 904 475 933 renen
508 904 608 932 cum
640 889 769 932 leone
801 889 1045 930 luctantem
1087 901 1305 929 coronans
1346 889 1721 943 repraesentatur,
1763 886 1869 928 illud
1908 886 2032 929 testi-

335 961 533 1003 monium
565 959 726 1002 nullius
759 959 852 1002 fere
885 959 1000 1014 preti
1033 961 1113 1010 est,
1157 972 1258 1000 cum
1286 957 1465 1000 omnino
1498 971 1590 1000 non
1623 959 1811 1009 constet,
1855 958 2032 1013 quando

335 1032 448 1074 illius
491 1030 635 1088 operis
675 1030 901 1086 exemplar
944 1034 1063 1078 (nam
1106 1029 1410 1084 anaglyphum
1455 1031 1724 1085 ἀπόγραφον
1763 1030 1844 1080 est)
1888 1028 2032 1084 sculp-

336 1106 430 1144 tum
464 1102 531 1144 sit.

454 1172 690 1215 Maltenius
724 1176 781 1228 (p.
807 1174 879 1225 69)
914 1170 1146 1213 contendit
1177 1171 1400 1226 Κυρήνην
1438 1169 1686 1225 longiorem
1717 1169 1905 1212 formam
1938 1183 2034 1212 esse

337 1243 527 1286 nominis
559 1242 694 1285 fontis
727 1241 936 1297 cyrenaei
970 1241 1088 1297 quod
1122 1244 1189 1283 est
1211 1243 1352 1297 Κύρη.
1401 1241 1498 1296 Ego
1525 1254 1646 1292 vero,
1681 1240 1903 1296 quomodo
1936 1239 2035 1283 illae

337 1329 471 1358 voces
505 1315 786 1366 cohaereant,
822 1312 953 1355 etiam
978 1327 1084 1353 num
1108 1313 1389 1363 cohaereant,
1423 1325 1495 1354 me
1517 1310 1697 1353 omnino
1724 1310 1896 1354 nescire
1929 1325 2033 1353 con-

336 1385 479 1430 fiteor.
515 1385 628 1426 Nam
652 1398 706 1427 ex
731 1383 959 1439 exemplis,
989 1397 1103 1438 quae
1127 1381 1286 1434 attulit,
1320 1382 1490 1424 nullum
1513 1384 1593 1434 est,
1628 1382 1747 1437 quod
1778 1382 1866 1423 huc
1886 1380 2036 1424 facere

340 1454 634 1499 demonstrari
666 1454 818 1510 possit.
882 1454 1022 1496 Multa
1055 1453 1169 1496 enim
1204 1452 1446 1496 formarum
1486 1451 1610 1508 paria
1648 1451 1808 1503 attulit,
1849 1466 2036 1508 quarum

342 1527 481 1569 altera
530 1540 584 1568 ex
631 1525 769 1568 altera
814 1524 934 1567 facta
978 1527 1093 1567 esset
1144 1523 1307 1565 suffixo
1360 1527 1467 1579 -ήνη
1515 1522 1662 1565 addito
1703 1523 1915 1565 detracto.
1978 1522 2037 1564 At

336 1597 502 1648 nescio,
537 1611 623 1652 quo
656 1595 816 1638 iudicio
850 1595 991 1638 fretus
1025 1595 1231 1650 opinetur
1259 1595 1451 1650 Μέσσην
1485 1596 1529 1636 et
1551 1595 1814 1650 Μεσσήνην,
1849 1595 2037 1637 Πέλλαν

339 1672 382 1711 et
404 1669 662 1723 Πελλήνην,
689 1667 831 1722 Pylen
863 1669 905 1708 et
928 1666 1129 1721 Pylenen
1158 1679 1292 1707 unam
1327 1665 1604 1720 eandemque
1637 1663 1863 1707 civitatem
1885 1663 2035 1707 fuisse.

339 1739 559 1781 Homerus
597 1738 643 1779 in
680 1737 862 1780 navium
902 1736 1104 1791 catalogo
1144 1736 1298 1778 urbem
1338 1738 1595 1791 spartanam
1627 1736 1816 1791 Μέσσην
1851 1735 1911 1788 (Β
1933 1737 2036 1789 582)

340 1812 558 1860 recenset,
597 1808 890 1864 Apollodorus
925 1806 1019 1850 sive
1052 1805 1198 1862 potius
1230 1805 1381 1848 nescio
1424 1805 1499 1862 qui
1530 1805 1859 1860 grammaticus,
1903 1819 2037 1861 quem

340 1879 634 1935 Apollodorus
658 1878 818 1930 attulit,
854 1877 1094 1921 affirmavit
1120 1877 1281 1928 (Strab.
1306 1877 1410 1919 VIII
1432 1878 1532 1928 364,
1566 1891 1606 1931 p.
1633 1878 1731 1927 516,
1756 1877 1812 1917 24
1834 1876 1893 1926 M)
1921 1876 2038 1917 hanc

339 1964 496 1993 vocem
529 1963 608 2005 per
641 1963 873 2005 apocopen
906 1963 930 1991 e
956 1950 1179 2004 Μεσσήνη
1212 1947 1376 1990 factam
1411 1961 1520 1990 esse.
1583 1947 1654 1988 An
1686 1945 1941 1989 testimonio
1973 1945 2039 1988 uti

339 2021 455 2073 licet,
503 2019 628 2076 quasi
659 2020 703 2061 id
737 2020 855 2075 quod
888 2018 1202 2074 grammaticus
1236 2018 1485 2074 suspicatus
1520 2020 1598 2069 est,
1648 2016 1858 2059 traditum
1892 2015 2036 2059 esset?

342 2092 459 2144 Quin
481 2091 628 2147 potius
652 2090 957 2141 confiteamur,
989 2104 1121 2145 quam
1144 2089 1299 2132 urbem
1325 2090 1543 2131 Homerus
1566 2087 1768 2140 voluerit,
1802 2102 1883 2129 nos
1906 2087 2038 2142 plane

340 2162 541 2205 nescire?
607 2161 861 2216 Stephanus
901 2175 931 2202 s.
964 2176 1004 2203 v.
1042 2161 1177 2215 ’Ἁβαι
1218 2173 1240 2202 e
1279 2159 1459 2202 nomine
1500 2158 1620 2201 urbis
1652 2159 1786 2214 Πύλη
1827 2156 2039 2200 ethnicon

345 2235 558 2288 Πυλήτης
584 2231 821 2274 formatum
847 2230 970 2277 dicit3
1005 2244 1090 2286 quo
1114 2230 1209 2273 iure
1232 2230 1445 2272 sumimus
1466 2230 1585 2271 hanc
1606 2229 1763 2271 urbem
1784 2230 1959 2284 Πύλην,
1984 2228 2039 2270 de

345 2319 431 2361 qua
462 2303 632 2345 nullum
667 2301 783 2344 aliud
821 2301 1126 2344 testiinonium
1168 2300 1254 2342 iam
1294 2304 1510 2356 superest,
1553 2299 1741 2342 eandem
1774 2313 1871 2342 esse
1905 2313 2038 2355 quam

342 2375 497 2417 urbem
539 2373 765 2415 achaicam
797 2371 1049 2428 Πυλήνηνῖ)
1111 2372 1234 2414 Idem
1275 2371 1529 2426 Stephanus
1562 2385 1593 2412 s.
1625 2386 1665 2413 v.
1690 2371 1848 2412 Πέλλα
1883 2370 2039 2412 urbem

341 2445 472 2487 huius
504 2443 695 2485 nominis
729 2442 954 2485 achaicam
987 2442 1123 2484 fuisse
1157 2445 1403 2488 asseveratz
1443 2441 1681 2483 Maltenius
1714 2454 1819 2483 vero
1854 2442 2037 2482 conten-

345 2516 407 2557 dit
454 2514 694 2556 Pindarum
748 2514 936 2556 eandem
990 2513 1196 2564 voluisse,
1251 2527 1350 2555 cum
1400 2512 1576 2568 Olymp.
1600 2512 1664 2553 IX
1689 2513 1745 2553 98
1790 2512 2039 2554 Πελλάναν

344 2587 721 2635 connnemoraret,
757 2598 871 2640 quae
904 2598 1011 2626 sane
1043 2583 1149 2625 urbs
1181 2582 1227 2624 in
1248 2582 1418 2624 Achaia
1450 2582 1595 2638 posita
1628 2584 1734 2625 erat.
1783 2581 1842 2623 At
1874 2596 1962 2637 qua
1983 2581 2038 2624 de

344 2670 477 2698 causa
508 2669 599 2697 non
631 2655 762 2697 urbes
797 2655 909 2697 duae
942 2653 1122 2696 nomine
1154 2667 1245 2695 non
1280 2654 1435 2696 eodem
1469 2654 1546 2695 sed
1578 2667 1670 2695 non
1702 2666 1880 2708 prorsus
1913 2651 2037 2693 dissi—

343 2726 433 2768 mili
464 2726 509 2768 in
532 2726 699 2768 Achaia
724 2725 916 2767 fuerint?
950 2726 1007 2768 Ut
1044 2725 1162 2780 quod
1197 2724 1309 2775 volo,
1343 2723 1469 2766 brevi
1501 2723 1896 2778 comprehendam:
1930 2722 2037 2764 Mal-

344 2797 477 2847 tenio,
513 2799 729 2852 quantum
752 2796 895 2847 video,
928 2810 1019 2837 non
1045 2794 1244 2850 contigit,
1278 2797 1327 2836 ut
1360 2794 1684 2836 demonstraret
1716 2792 1843 2834 binas
1874 2792 2038 2834 formas

344 2867 572 2909 nominum
622 2867 895 2921 singularum
942 2865 1117 2907 urbium
1166 2864 1401 2916 exstitisse,
1452 2878 1638 2920 quarum
1687 2863 1824 2905 altera
1873 2861 2037 2905 suffixo

346 2941 451 2992 -ήνη
485 2940 616 2979 aucta
649 2940 779 2988 esset,
814 2936 951 2978 altera
984 2936 1038 2977 ab
1071 2935 1167 2992 ipsa
1199 2934 1336 2990 stirpe
1368 2933 1579 2976 derivata.

441 3005 468 3063 ¹)
495 3019 564 3053 Cir.
585 3020 691 3062 Treu,
719 3019 888 3062 Olympia
912 3018 968 3052 111
988 3019 1030 3052 19
1043 3029 1117 3060 sqq.
