2180 3482
808 223 861 257 De
887 224 1004 266 prima
1029 224 1197 266 pericopa
1823 228 1849 267 3

152 328 285 384 igitur
317 342 578 384 progressus
610 328 682 370 hic
712 327 806 370 fere
839 331 923 371 est:
969 329 1162 380 „Favete
1184 328 1360 384 linguis,
1386 331 1518 372 choro
1543 334 1586 386 ἰὴ
1611 334 1654 386 ἰὴ
1678 336 1846 386 παιῆον

153 398 360 441 clamanti
387 398 707 451 auscultantes3
736 401 784 439 ut
809 401 959 440 tacere
985 399 1128 441 solent
1155 402 1199 441 et
1222 399 1373 441 Thetis
1401 402 1444 442 et
1470 400 1624 453 Niobe,
1653 401 1846 457 quoties-

154 483 344 525 cumque
381 468 476 510 illas
514 482 647 511 voces
680 468 959 520 audiverunt,
994 469 1146 511 Thetis
1179 484 1293 525 quae
1330 469 1469 511 filium
1501 471 1716 526 Apollinis
1749 471 1848 514 odio

153 538 359 591 amiserit,
393 538 534 581 Niobe
567 552 681 594 quae
714 539 768 580 ab
791 538 996 594 Apolline
1023 542 1204 595 propter
1232 541 1531 595 arrogantiam
1556 542 1714 596 punita
1748 542 1845 587 sit,“

155 610 267 650 Tum
301 609 446 665 paullo
480 612 599 664 post:
634 612 707 664 „51¹1
736 612 779 664 ἰή
811 624 961 651 rursus
994 609 1143 662 audio;
1179 613 1222 666 ἰὴ
1251 614 1294 666 ἱή
1328 610 1491 663 canite;
1526 611 1708 667 periculi
1735 612 1850 654 enim

155 680 335 735 plenum
359 682 425 721 est
448 693 547 721 cum
566 679 631 720 dis
649 683 891 734 pugna1·e“.
936 679 1230 722 Callimachus
1254 681 1348 723 vult
1370 680 1566 736 intellegi
1586 697 1677 724 non
1706 682 1850 724 minus

156 763 257 791 cum
280 748 345 790 dis
379 763 591 804 pugnare,
617 749 691 805 qui
715 750 950 805 quominus
970 754 1013 806 ἱή
1032 753 1208 803 canant,
1226 754 1434 794 recusent
1450 767 1581 807 quam
1601 752 1675 808 qui
1690 752 1750 794 illi
1768 754 1849 795 deo

153 819 360 861 aemulati
394 819 500 872 sint;
535 820 630 862 vult
656 819 853 875 intellegi
885 823 1099 876 utrosque
1131 821 1295 876 pariter
1328 822 1532 877 punitum
1564 822 1615 864 iri
1630 823 1671 877 ¹),
1736 823 1849 865 Nihil

153 903 258 932 vero
293 892 447 932 contra
480 891 596 932 hanc
629 893 672 932 et
704 890 1117 946 interpretationem
1145 894 1188 934 et
1215 891 1545 947 discriptionem
1573 894 1704 945 valet,
1733 895 1851 950 quod

154 960 351 1016 reliquae
398 960 634 1016 pericopae
681 963 942 1002 octonorum
989 975 1210 1013 versuum,
1263 963 1374 1004 haec
1426 965 1710 1018 septenorum
1765 968 1850 1017 est3

153 1030 384 1086 pericopas
412 1031 543 1082 enim,
571 1045 661 1073 non
690 1032 893 1086 strophas
920 1031 1132 1087 distingui
1155 1033 1393 1075 voluerunt
1416 1036 1460 1076 et
1482 1033 1850 1077 Wilamowitzius

153 1104 197 1143 et
235 1100 543 1143 Callimachus.
608 1101 692 1143 Hic
731 1100 845 1143 enim
885 1101 1013 1144 binas
1058 1105 1319 1145 octonorum
1363 1118 1574 1147 versuum
1620 1105 1851 1162 pericopas

152 1171 255 1213 inde
278 1186 304 1213 a
327 1187 399 1214 vv.
419 1174 487 1213 97.
512 1174 592 1213 105
616 1172 761 1214 denuo
786 1186 910 1214 orsus
933 1176 1013 1225 est,
1047 1176 1274 1217 extremae
1296 1177 1470 1216 tantum
1502 1190 1641 1216 unum
1673 1190 1851 1219 versum

153 1241 367 1293 adiunxit,
395 1241 483 1297 qui,
509 1256 778 1297 quamquam
804 1257 903 1284 cum
927 1242 1136 1299 pericopa
1159 1244 1483 1299 quodammodo
1518 1246 1738 1298 cohaeret,
1773 1261 1852 1302 per

157 1325 204 1354 se
239 1314 375 1354 staret
398 1325 576 1367 quoque
607 1314 751 1354 totum
783 1313 867 1355 hoc
901 1327 1078 1356 carmen
1102 1314 1459 1368 concluderetur3
1484 1315 1852 1359 Wilamowitzius

153 1396 258 1426 vero
307 1382 628 1425 demonstravit
681 1382 965 1426 Theocritum
1010 1383 1243 1440 pericopas
1287 1385 1392 1427 item
1439 1385 1706 1438 distinxisse,
1761 1402 1851 1429 non

153 1452 408 1494 distinxisse
453 1453 672 1508 strophaS‚
715 1468 830 1509 quae
862 1453 978 1496 inter
1019 1468 1066 1497 se
1107 1456 1487 1511 responderent2)‚
1531 1457 1852 1501 demonstravit

152 1523 286 1575 illum,
307 1538 407 1565 cum
424 1524 509 1565 hoc
526 1523 707 1576 faceret,
740 1524 784 1565 id
808 1524 1081 1580 quaesivisse
1103 1528 1165 1577 ut,
1190 1525 1265 1581 qui
1287 1526 1500 1580 legerent,
1529 1527 1654 1583 quasi
1672 1542 1850 1571 carmen

153 1593 234 1635 sibi
255 1593 443 1648 lyricum
468 1594 617 1648 legere
639 1593 910 1646 viderentur,
935 1595 1126 1638 voluisse
1148 1598 1299 1638 tamen
1322 1600 1536 1649 motuum,
1556 1600 1604 1639 ut
1621 1598 1682 1640 ita
1699 1599 1850 1654 loqua'-

153 1678 266 1716 mur,
299 1663 549 1706 libertatem
583 1664 759 1719 placere
773 1664 815 1719 ³).

271 1804 418 1846 Prima
450 1804 660 1861 pericopa
680 1806 792 1848 haec
819 1806 912 1849 fere
936 1807 1239 1850 continentur:
1292 1809 1403 1861 „Qui
1428 1811 1681 1853 concutitur
1702 1826 1851 1854 ramus

152 1875 343 1926 laureus,
378 1874 453 1931 qui
484 1878 628 1917 totum
660 1877 893 1932 templum3
929 1879 1081 1933 procul
1104 1880 1258 1934 procul
1282 1882 1375 1922 este
1399 1881 1586 1923 scelesti.
1645 1882 1851 1925 Phoebus

157 1945 243 1987 iam
282 1945 395 2001 pede
434 1946 587 1989 valvas
627 1947 787 2002 pulsat,
822 1962 937 2003 quae
970 1948 1137 1991 scilicet
1170 1953 1371 1991 sonant.“
1438 1952 1550 1993 Tum
1584 1956 1684 2007 post
1716 1954 1852 1996 breve

153 2015 397 2058 silentium:
435 2016 621 2068 „Nonne
654 2016 806 2060 vides?
841 2018 985 2060 subito
1019 2019 1177 2062 leniter
1208 2020 1385 2063 nutavit
1417 2022 1563 2076 palma
1595 2023 1726 2075 delia3
1766 2023 1851 2066 iam

153 2100 323 2142 cycnus
346 2086 389 2128 in
418 2101 519 2129 aere
542 2087 739 2131 suaviter
765 2102 931 2131 canens
959 2089 1217 2145 percipitur:
1254 2091 1446 2133 claustra
1471 2092 1715 2147 aperimini,
1749 2109 1851 2136 nam

151 2156 309 2212 Apollo
343 2157 429 2199 iam
462 2159 605 2200 adest:
647 2173 726 2202 vos
760 2173 879 2211 vero,
914 2160 1247 2213 adulescentuli,
1283 2165 1462 2204 cantum
1496 2166 1540 2205 et
1573 2164 1851 2207 saltationem

152 2226 398 2270 instruite.“
455 2227 756 2284 Cupiditatem
789 2229 858 2272 dei
891 2230 1193 2286 conspiciendi
1227 2231 1384 2275 timore
1418 2235 1461 2275 et
1494 2234 1721 2277 anxietate
1754 2250 1851 2290 per—

152 2297 337 2339 mixtam
362 2297 658 2340 Callimachus
679 2300 763 2342 hac
786 2300 985 2343 oratione
1009 2300 1225 2356 effingere
1251 2302 1430 2345 studuit.
1466 2304 1517 2346 V.
1538 2307 1552 2345 1
1576 2307 1670 2346 tota
1697 2306 1852 2347 domus

154 2368 418 2420 concutitur,
452 2369 537 2410 iam
572 2370 653 2411 deo
687 2376 923 2426 praesente
956 2371 1131 2427 profani
1163 2376 1463 2426 removentur,
1496 2375 1583 2416 iam
1617 2380 1852 2431 crepantes

152 2438 270 2481 fores
304 2439 379 2494 qui
410 2439 604 2495 loquitur
637 2440 719 2482 sibi
752 2445 808 2492 (v.
835 2444 877 2493 3)
914 2442 1136 2485 audivisse
1163 2442 1283 2485 visus
1319 2447 1405 2496 est3
1447 2446 1524 2487 sed
1553 2450 1609 2496 (v.
1635 2448 1678 2497 4)
1708 2447 1852 2501 palma

153 2508 268 2550 delia
304 2508 463 2552 leniter
500 2513 675 2552 tantum
715 2512 892 2554 concuti
933 2513 1207 2567 observatur,
1258 2528 1427 2568 cycnus
1469 2517 1526 2569 (v.
1562 2518 1618 2570 5),
1666 2516 1740 2572 qui
1783 2517 1852 2559 dei

153 2578 321 2622 scilicet
343 2594 519 2622 currum
542 2581 691 2633 trahit,
712 2582 910 2635 sublime,
936 2597 959 2625 e
976 2583 1219 2640 longinquo
1239 2583 1459 2637 videlicet,
1479 2600 1645 2629 canens
1663 2587 1850 2629 auditur.

277 2663 300 2707 ¹)
327 2663 427 2697 Haec
453 2666 529 2697 tam
554 2674 626 2697 non
650 2664 820 2699 brevibus
840 2665 1024 2708 disputavi
1050 2669 1198 2709 propter
1217 2667 1429 2711 Vahlenum,
1455 2669 1516 2709 qui
1535 2671 1721 2703 contraria
1740 2671 1853 2704 sentit

156 2719 336 2764 (Berliner
362 2721 608 2765 Sitzungsber.
630 2722 731 2765 1896,
757 2734 790 2766 p.
819 2724 886 2757 799
913 2724 990 2769 sq.).

275 2778 301 2822 2)
329 2779 634 2823 Textgeschichte
662 2781 723 2815 der
748 2781 947 2815 Bukoliker
975 2782 1040 2815 137
1060 2792 1146 2825 sqq.,
1173 2785 1402 2826 potissimum
1433 2785 1507 2819 150.

273 2838 299 2882 ³)
330 2837 490 2882 „Gerade
517 2839 572 2872 die
592 2839 753 2874 Freiheit
779 2840 842 2874 der
859 2841 1067 2885 Bewegung
1092 2841 1249 2876 bewirkt
1275 2843 1341 2877 den
1367 2845 1606 2887 ungemeinen
1625 2845 1711 2878 Reiz
1738 2846 1853 2880 dieser

153 2895 356 2940 Dichtung3
383 2897 445 2930 der
465 2897 588 2931 Effekt
604 2898 655 2932 ist
672 2898 815 2941 lyrisch,
844 2899 1088 2943 musikalisch,
1116 2901 1201 2934 aber
1227 2901 1283 2935 die
1309 2902 1431 2935 Mittel
1459 2903 1538 2936 sind
1565 2903 1765 2947 (liejenigcn
1792 2905 1854 2938 der

154 2952 378 2998 Rezitation,
406 2955 468 2989 der
486 2956 590 2998 Epik.
634 2956 743 2991 Diese
768 2958 806 2991 in
833 2958 889 2992 die
907 2958 1139 3002 taktmassige
1159 2959 1384 3003 Responsion
1403 2961 1464 2995 dor
1482 2962 1604 2996 Musik
1622 2973 1666 2996 zu
1686 2964 1853 3007 zwingen

155 3011 205 3045 ist
230 3013 309 3046 eine
334 3013 535 3058 Verirrung
561 3014 622 3049 des
647 3015 902 3051 Verstandes.“

1605 3079 1640 3111 1*
