2180 3482
514 250 568 284 De
595 250 782 293 Eurypyli,
810 250 937 293 Gunei,
964 250 1114 285 Prothoi
1140 252 1277 295 origine
1303 252 1498 286 thessalica
1771 255 1851 294 133

168 356 308 399 olidae
341 355 458 398 filius
490 370 515 397 a
547 355 838 410 Neoptolemo
862 355 1044 397 Achillis
1075 355 1180 407 filio,
1214 356 1256 397 id
1290 360 1355 399 est
1389 358 1442 399 ab
1476 358 1609 399 heroe
1640 357 1848 408 thessalo,

166 426 432 469 interficitur
464 427 506 480 (λ
529 427 759 481 519sqq.):
795 425 889 481 ipse
921 426 1212 468 Machaonem
1235 426 1541 483 Asclepiadem
1575 430 1770 478 necarat,
1804 430 1853 468 ut

163 496 406 538 Pausanias
422 496 484 537 HI
503 498 572 547 26,
588 497 614 537 9
637 495 681 536 in
705 494 840 538 Iliade
863 509 1001 550 parva
1018 496 1230 551 scriptum
1249 511 1345 539 esse
1362 500 1562 539 testatur.
1598 496 1853 539 Machaonis

163 567 377 622 templum
411 565 629 609 Gereniae
677 565 721 606 in
759 565 1006 608 Messeniae
1053 566 1215 621 oppido
1263 567 1606 619 monstrabatur,
1648 570 1697 609 ut
1738 567 1853 610 idem

163 637 405 679 Pausanias
446 640 596 679 narrat
639 637 716 691 (III
749 638 817 688 26,
847 639 904 687 8).
974 637 1229 693 Eurypylus
1272 638 1314 679 in
1357 637 1543 692 Mysiam
1584 637 1748 693 pariter
1790 637 1853 680 Co

165 710 300 763 atque
342 721 366 750 e
407 707 633 749 Thessalia
675 710 723 749 ut
766 706 1080 749 transferretur
1120 707 1217 750 fieri
1259 707 1421 763 potuit,
1464 707 1507 748 in
1550 707 1789 749 Laconiam
1830 721 1854 750 e

165 777 392 820 Thessalia
422 781 610 819 tantum.
666 777 839 834 Reliqui
872 777 1089 833 Eurypyli
1105 778 1133 832 ¹)
1166 778 1349 820 umbrae
1382 781 1498 829 sunt,
1533 793 1623 820 non
1656 792 1853 833 corpora,

163 862 272 903 quos
304 847 391 890 iam
424 848 592 891 omitto.

280 919 573 975 Eurypylum,
613 919 870 971 Prothoum,
911 918 1117 960 Guneum
1156 917 1441 960 multifariam
1480 917 1765 971 offendimus3
1808 918 1853 959 in

163 1003 252 1031 una
282 992 435 1032 tamen
466 989 648 1044 regione
682 989 958 1040 coniunctos,
991 988 1037 1030 in
1063 988 1301 1031 Thessalia.
1351 989 1459 1030 Inde
1491 991 1642 1031 nostro
1677 988 1853 1043 quidem

164 1058 258 1102 iure
291 1060 556 1102 concludere
589 1059 792 1103 videmur
824 1073 847 1101 e
871 1059 1098 1101 Thessalia
1129 1058 1174 1100 in
1198 1059 1397 1113 Libyam,
1432 1073 1457 1100 a
1489 1058 1656 1101 colonis
1689 1058 1856 1100 scilicet

165 1130 382 1182 thessalis,
401 1130 496 1172 illos
513 1132 711 1185 portatos
731 1143 846 1181 esse;
867 1129 982 1171 idem
1001 1128 1094 1171 fere
1112 1142 1266 1171 omnes
1284 1128 1523 1171 credidisse
1541 1128 1762 1180 videntur,
1780 1128 1855 1184 qui

163 1200 207 1242 in
243 1200 519 1255 Cyrenarum
553 1200 746 1255 origines
780 1199 1119 1256 inquisiverunt.
1183 1199 1300 1241 Hinc
1339 1199 1640 1251 confirmatur,
1684 1198 1853 1255 opinor,

166 1274 288 1314 recte
321 1285 401 1313 nos
433 1270 606 1312 fabulas
640 1271 694 1312 de
727 1271 925 1326 nympha
953 1269 1130 1325 Cyrena
1161 1270 1406 1322 hesiodeas,
1441 1269 1703 1325 pindaricas‚
1739 1269 1855 1311 calli-

164 1342 386 1392 micheas,
428 1340 601 1383 fabulas
640 1341 694 1383 de
726 1340 996 1395 Argonautis
1030 1343 1073 1383 et
1107 1341 1161 1382 de
1194 1341 1325 1382 Batto
1358 1341 1623 1382 herodoteas
1664 1339 1709 1381 in
1740 1341 1856 1382 hanc

163 1411 433 1454 sententiam
473 1411 790 1467 interpretatos
832 1425 949 1463 esse,
988 1413 1037 1453 ut
1082 1413 1376 1453 statueremus
1420 1410 1559 1466 primo
1606 1411 1853 1462 Thessalos,

164 1484 320 1537 postea
352 1483 575 1524 Theraeos
598 1481 784 1537 Libyam
816 1481 1054 1534 habitasse,
1088 1484 1182 1523 tum
1215 1482 1391 1524 demum
1419 1481 1650 1523 Insulanos
1683 1483 1728 1523 et
1750 1480 1854 1523 Cre-

165 1555 314 1595 tenses
340 1551 443 1595 illuc
475 1552 703 1608 migrasse,
736 1555 831 1594 tum
866 1552 1059 1604 colonos,
1092 1552 1234 1594 Dores
1268 1552 1503 1607 plerosque
1534 1551 1629 1593 illos
1663 1550 1853 1607 quidem,

166 1623 547 1666 Lacedaemonem
581 1622 705 1679 quasi
733 1622 921 1678 patriam
948 1623 1184 1678 adoptasse
1197 1621 1240 1675 2).
1288 1621 1346 1663 At
1368 1621 1604 1664 Maltenius
1627 1624 1728 1675 (109
1740 1608 1854 1677 sqqs)

165 1696 392 1737 asseverat
415 1707 470 1736 ex
497 1693 651 1736 iisdem
678 1693 838 1735 fabulis
871 1693 1227 1735 concludendum
1251 1706 1348 1734 esse
1368 1691 1528 1735 Aeoles
1552 1691 1645 1735 sive
1668 1692 1854 1734 Thessa-

163 1763 227 1806 los
260 1778 286 1806 a
316 1764 510 1807 Doribus
544 1778 567 1807 e
600 1764 909 1820 Peloponneso
943 1764 1151 1819 expulsos
1186 1763 1229 1804 in
1262 1762 1449 1817 Libyam
1480 1762 1706 1817 migrasse.

284 1835 427 1887 Quam
461 1834 715 1891 opinionem
750 1834 785 1876 si
818 1834 915 1891 quis
942 1833 1174 1890 receperit,
1208 1833 1280 1876 ille
1306 1833 1392 1875 iam
1424 1833 1469 1874 in
1500 1833 1638 1875 multo
1668 1832 1854 1875 maiores

163 1904 450 1948 difficultates
489 1905 654 1948 incidet
693 1920 825 1961 quam
865 1919 889 1948 e
922 1904 1082 1961 quibus
1120 1903 1323 1947 evaserit.
1387 1904 1499 1945 Nam
1540 1903 1575 1945 si
1613 1903 1669 1944 illi
1711 1903 1855 1946 coloni

162 1975 344 2031 originis
398 1975 574 2032 quidem
629 1975 893 2018 thessalicae
942 1990 966 2017 a
1003 1975 1312 2030 Peloponneso
1364 1978 1515 2016 tamen
1568 1974 1623 2016 ad
1668 1973 1853 2028 Libyam

161 2046 445 2101 navigarunt,
485 2047 560 2103 qui
598 2046 650 2088 fit
687 2049 737 2088 ut
775 2046 819 2088 in
858 2046 1018 2088 fabulis
1051 2046 1106 2088 de
1139 2045 1309 2097 Guneo‚
1343 2045 1398 2087 de
1430 2045 1637 2095 Prothoo,
1678 2045 1732 2087 de
1765 2045 1852 2085 Eu-

162 2117 321 2172 rypylo
346 2117 643 2173 Peloponnesi
665 2130 722 2159 ne
744 2131 882 2158 unum
906 2116 1085 2172 quidem
1107 2115 1345 2170 vestigium
1372 2115 1503 2157 insit?
1559 2115 1680 2158 Cave
1707 2117 1855 2157 autem

163 2187 399 2243 suspiceris
421 2188 505 2230 hoc
528 2187 710 2230 Homeri
743 2186 1007 2230 auctoritate
1039 2185 1252 2229 effectum
1286 2200 1395 2237 esse,
1430 2185 1505 2241 qui
1532 2185 1702 2228 illorum
1729 2185 1856 2227 sedes

161 2257 207 2299 in
248 2257 476 2301 Thessalia
516 2258 794 2311 collocasset;
836 2272 941 2300 nam
982 2257 1250 2313 Lycophron
1291 2256 1386 2298 illos
1427 2256 1661 2298 Thessalos
1703 2255 1856 2311 utique

163 2328 287 2381 dixit,
321 2329 564 2372 Prothoum
597 2343 702 2372 vero
736 2331 856 2371 certe
888 2328 932 2369 in
967 2327 1051 2370 alia
1082 2327 1337 2370 Thessaliae
1370 2329 1496 2383 parte
1529 2325 1759 2369 constituit
1791 2328 1855 2367 at-

163 2413 250 2455 que
282 2399 565 2453 Homerus⁸);
616 2400 950 2454 Cyrenaeorum
990 2412 1094 2453 ergo
1134 2397 1306 2439 fabulas
1340 2396 1547 2453 respexit.
1613 2397 1855 2438 Prothoum

164 2517 255 2552 1885
281 2517 460 2561 credebat,
494 2518 556 2552 sod
580 2518 653 2552 Icci
678 2520 841 2552 mortuus
874 2520 941 2559 est,
973 2520 1016 2550 ut
1046 2517 1123 2559 ipse
1149 2527 1180 2550 a.
1203 2516 1292 2550 1909
1330 2515 1463 2560 (Herm.
1482 2515 1601 2550 XLIV
1619 2515 1687 2549 474
1699 2513 1766 2559 sq.)
1799 2514 1856 2548 de-

163 2577 391 2611 monstravit.

284 2635 309 2679 ²)
336 2636 562 2670 Testimonia
587 2634 782 2679 diligenter
807 2634 955 2678 collegit
980 2633 1142 2677 Tiimpel‚
1169 2633 1247 2667 PW
1265 2633 1318 2668 VI
1337 2632 1426 2666 1347
1439 2642 1513 2674 sqq.

281 2694 309 2738 2)
335 2694 440 2728 Nunc
476 2704 587 2728 unum
625 2696 768 2736 oportet
802 2692 993 2735 concedas,
1033 2693 1208 2735 originem
1246 2691 1509 2733 Cyrenaeorum
1544 2690 1777 2725 thessalicam
1813 2700 1855 2723 cx

163 2753 302 2797 origine
328 2752 523 2787 thessalica
547 2752 691 2786 illorum
722 2752 869 2786 heroum
904 2754 1001 2786 certo
1033 2750 1191 2784 effictam
1223 2760 1317 2792 esse;
1350 2749 1541 2784 Thessalos
1572 2749 1855 2791 antiquissimos,

163 2821 234 2845 non
260 2812 478 2846 recentiores
503 2811 646 2846 colonos
663 2811 773 2846 fuisse
791 2812 863 2844 iam
881 2813 1001 2852 patet;
1028 2809 1177 2852 reliqua,
1204 2812 1246 2843 ut
1264 2820 1282 2843 e
1301 2809 1430 2843 ceteris
1450 2807 1582 2842 fabulis
1600 2807 1855 2848 demonstravi,

162 2871 218 2903 ita
242 2869 341 2904 nullo
366 2871 512 2914 negotio
539 2880 582 2905 ex
607 2870 675 2904 hac
700 2880 840 2912 quoque
865 2869 988 2903 fabula
1013 2879 1095 2902 mox
1121 2867 1370 2911 comprobabo.

282 2928 309 2974 3)
336 2929 562 2971 Quamquam
579 2929 864 2964 Wilamowitzio
883 2928 1017 2972 (Herm.
1036 2927 1138 2961 XXX
1157 2927 1258 2970 1895,
1279 2926 1360 2967 196)
1381 2925 1644 2960 concedendum
1670 2928 1725 2959 est
1747 2924 1856 2959 Cata-

163 2988 286 3032 logum
317 2988 378 3029 qui
410 2988 568 3030 scripsit,
599 2998 680 3022 eum
706 2990 782 3022 tam
814 2997 884 3021 non
910 2989 1080 3020 accurate
1106 2985 1214 3028 loqui,
1246 2988 1289 3019 ut
1314 2988 1441 3028 pateat
1467 2995 1547 3019 eum
1574 2985 1616 3019 de
1642 2983 1855 3018 Perrhaebis

165 3050 203 3082 et
227 3046 460 3092 Magnetibus
485 3057 668 3090 perpauca
692 3047 845 3081 novisse.
