2180 3482
401 228 456 268 62
1046 227 1099 260 De
1125 226 1256 269 hymno
1282 226 1462 270 Apollinis

400 347 491 374 non
531 331 658 374 focus
699 331 776 373 sed
814 331 997 374 lucerna
1036 332 1220 374 ardebat
1252 332 1323 374 illa
1356 347 1489 375 aurea
1520 333 1768 376 inextincta
1811 335 1852 388 (ὁ
1885 337 2096 391 ἄσβεστος

399 404 580 457 λύχνος)
615 416 641 443 a
673 400 941 444 Callimacho
988 402 1159 445 artifice
1202 402 1321 455 ficta,
1373 404 1426 445 de
1471 418 1559 459 qua
1603 404 1814 446 miracula
1856 405 2098 448 Pausanias

400 476 549 514 narrat
573 472 609 525 (I
633 474 701 523 26,
727 474 765 513 6.
792 474 849 525 7),
886 472 1031 514 01611111
1057 472 1117 514 1111
1150 473 1285 516 semel
1317 473 1361 515 in
1396 488 1513 516 anno
1548 477 1668 516 certo
1703 475 1895 530 quodam
1928 475 1998 518 die
2029 475 2094 518 in-

400 542 538 595 fundi,
591 541 706 584 illius
752 541 1045 585 linamentum
1086 557 1109 586 e
1147 543 1222 585 1110
1263 543 1475 600 Carpasio
1525 548 1742 597 constare,
1795 546 1914 601 quod
1959 561 2097 588 unum

399 613 588 655 flammis
626 627 717 654 non
757 612 811 654 sit
851 613 1149 668 obnoxium1).
1213 614 1417 656 Lucerna
1459 614 1623 670 pariter
1664 616 1827 659 Veneri
1859 616 1999 672 Agyri
2043 617 2098 659 ad

399 698 520 726 mare
554 683 634 725 sub
667 683 769 726 divo
804 683 1000 735 ardebat,
1047 698 1181 739 quam
1213 698 1360 740 neque
1403 688 1565 727 ventus
1608 686 1917 742 exstingueret
1948 701 2096 743 neque

400 755 551 811 pluvia
584 756 855 810 aspergeret,
890 753 925 795 si
957 753 1146 796 testibus
1178 753 1380 810 Ampelio
1404 755 1508 797 VIII
1536 758 1601 807 16,
1640 755 1890 812 Augustino
1924 758 1979 800 de
2012 757 2095 801 civ.

401 825 471 868 dei
502 825 614 867 XXI
638 828 676 877 6,
712 827 727 866 1
782 824 1015 877 credimus,
1065 824 1141 880 qui
1188 825 1480 867 daemonibus
1528 826 1640 869 haec
1691 826 1863 880 tribuit3
1918 830 1963 870 at
2013 827 2098 870 11111

399 897 511 938 haec
556 895 709 950 religio
749 895 794 937 in
838 895 949 938 urbe
992 895 1195 951 primitus
1241 910 1331 938 non
1375 910 1537 951 graeca
1574 895 1764 941 fortasse
1804 898 1901 954 ipsa
1939 899 2096 941 barba-

399 966 502 1009 rica.
565 967 633 1008 Ita
677 980 856 1022 prorsus
900 980 990 1008 non
1035 967 1167 1021 longe
1201 967 1255 1008 ab
1287 966 1433 1009 Aetna
1473 967 1654 1019 Adrani‚
1699 983 1792 1010 non
1824 969 2015 1011 Vulcani
2050 969 2097 1011 in

398 1038 564 1094 templo
588 1037 739 1093 ignem
756 1051 1001 1093 perennem
1019 1037 1179 1080 arsisse
1200 1037 1507 1093 comprobavit
1522 1038 1570 1083 L.
1589 1039 1754 1081 Malten
1775 1038 1923 1093 (Arch.
1942 1040 2093 1083 Jahrb.

399 1109 575 1151 XXVII
603 1111 728 1159 1912,
760 1110 876 1162 244).
930 1108 999 1151 De
1031 1109 1215 1151 lucerna
1249 1122 1363 1164 quae
1395 1108 1561 1164 pariter
1592 1108 1638 1150 in
1669 1110 1835 1166 templo
1867 1110 2097 1153 Ammonis

399 1180 584 1223 ardebat
596 1179 642 1234 2)‚
701 1180 964 1221 Plutarchus
1019 1178 1351 1221 Cleombrotum
1403 1179 1574 1222 maiora
1625 1179 1838 1223 miracula
1889 1195 2096 1224 narrasse

399 1275 525 1309 cadere
543 1285 650 1317 quam
668 1276 705 1308 in
723 1274 851 1316 10611111,
878 1273 1075 1308 verisimile
1094 1284 1178 1317 ergo
1205 1284 1281 1308 esse
1308 1273 1410 1307 illum
1436 1276 1499 1308 τὸν
1526 1275 1707 1316 ἄσβεστον
1735 1275 1881 1320 λύχνον
1899 1275 2098 1310 Athenien-

398 1334 491 1368 sium
520 1333 687 1375 voluisse,
726 1336 945 1376 prytaneum
969 1343 1053 1366 vero
1081 1343 1161 1366 cum
1179 1332 1340 1367 Poliadis
1366 1333 1501 1376 templo
1528 1333 1740 1375 confudisse,
1767 1334 1898 1368 Pollux
1923 1345 1995 1368 non
2020 1338 2097 1369 tam

398 1394 570 1427 distincte
607 1392 769 1434 loquitur
803 1395 846 1426 ut
878 1392 909 1426 ei
940 1391 1047 1426 facile
1074 1392 1271 1426 credamus.
1324 1392 1475 1426 Accedit
1513 1392 1606 1434 quod
1632 1393 1835 1427 Pausanias
1870 1394 1987 1427 10611111
2013 1405 2097 1437 pry-

396 1453 497 1486 tanei
524 1451 693 1494 olympici
725 1461 911 1494 nunquam
944 1452 1166 1485 exstinctum
1198 1452 1302 1493 quasi
1327 1461 1459 1485 novum
1495 1452 1665 1493 quiddam
1700 1455 1737 1486 et
1763 1452 1929 1486 mirabile
1954 1457 2096 1488 narrat.

397 1511 498 1553 Quod
525 1510 633 1545 semel
658 1512 695 1544 in
722 1521 815 1545 anno
834 1510 975 1544 Lemnii
1002 1511 1166 1544 omnibus
1192 1510 1338 1554 ignibus
1364 1511 1556 1544 exstinctis
1574 1511 1704 1545 Delum
1731 1522 1859 1545 navem
1886 1512 2095 1555 mittebant,

396 1581 488 1613 quae
523 1571 597 1604 ἀπὸ
636 1573 699 1613 τῆς
736 1573 866 1612 κοινῆς
904 1571 1029 1611 ἑστίας
1063 1570 1185 1613 ignem
1216 1572 1432 1612 reportaret,
1470 1569 1553 1603 dum
1585 1570 1656 1612 ipsi
1681 1570 1804 1604 urbem
1831 1574 1992 1614 purgant
2019 1571 2095 1615 (cfr.

396 1628 613 1663 Philostrati
635 1628 769 1663 heroici
785 1628 873 1663 XIV
883 1639 915 1672 p.
925 1628 1020 1672 325),
1042 1628 1124 1662 inde
1136 1628 1290 1662 fortasse
1302 1628 1438 1670 licebit,
1455 1629 1484 1662 si
1496 1628 1630 1668 licebit,
1644 1628 1854 1662 concludere
1865 1629 1958 1663 hanc
1968 1631 2096 1663 ἑστίαν

397 1688 529 1722 deliam
561 1692 775 1731 perpetuam
802 1698 890 1729 esse,
926 1690 967 1721 ut
993 1687 1204 1730 delphicam.
1256 1687 1334 1721 Iovi
1360 1687 1455 1720 enim
1482 1687 1723 1732 Ἐλευθερίῳ
1751 1687 1881 1721 Graeci
1907 1698 1987 1722 cum
2013 1692 2096 1732 post

396 1758 555 1792 pugnam
574 1747 827 1781 Plataeensem
842 1746 1006 1780 Plataeis
1026 1757 1127 1780 aram
1145 1749 1307 1780 statuere
1327 1745 1473 1788 vellent,
1500 1745 1573 1780 illis
1594 1757 1615 1780 a
1632 1745 1766 1789 Pythio
1792 1756 2003 1789 responsum
2029 1751 2094 1791 est,

395 1817 439 1840 ne
457 1807 629 1847 facerent,
656 1807 866 1849 priusquam
885 1807 1005 1849 ignem
1025 1816 1155 1848 purum
1174 1805 1323 1848 Delphis
1345 1806 1418 1839 ἀπὸ
1438 1809 1500 1848 τῆς
1518 1809 1648 1848 κοινῆς
1675 1807 1798 1846 ἑστίας
1824 1807 2091 1849 repetivissent,

394 1867 526 1900 Persas
553 1866 648 1900 enim
674 1865 770 1900 iocos
796 1865 987 1908 polluisse3
1014 1865 1049 1898 id
1076 1865 1169 1906 quod
1195 1868 1323 1898 narrat
1340 1864 1559 1898 Plutarchus
1577 1865 1727 1898 Aristid.
1750 1864 1804 1899 20.
1845 1865 1968 1899 Etiam
1994 1868 2092 1900 certo

394 1924 588 1960 intervallo
606 1924 845 1959 Athenienses
872 1925 992 1968 ignem
1012 1924 1161 1968 Delphis
1189 1925 1420 1958 arcessivisse
1447 1933 1465 1957 e
1491 1923 1613 1958 titulis
1640 1924 1789 1967 Delphis
1815 1924 2091 1959 Atheniensium

394 1984 564 2018 thesauro
590 1984 776 2027 inscriptis
804 1983 1005 2027 colligitur:
1045 1983 1106 2016 cir.
1133 1993 1223 2024 quae
1250 1983 1510 2027 Dittenberger
1536 1984 1686 2018 monuit.
1714 1983 1819 2026 syll.²'
1837 1983 1916 2026 611,
1954 1984 2035 2018 adn.
2056 1984 2092 2026 1;

395 2043 607 2077 testimonia
626 2053 643 2076 e
662 2042 782 2076 titulis
802 2042 975 2084 delphicis
995 2052 1108 2084 nuper
1129 2041 1276 2085 collegit
1296 2041 1408 2084 Colin,
1436 2042 1595 2076 Fouilles
1614 2042 1655 2076 de
1668 2043 1824 2085 Delphes
1838 2042 1895 2076 ΙΠ
1912 2043 1943 2085 2,
1959 2043 2003 2077 39
2018 2053 2091 2085 sqq.

395 2102 424 2136 E
450 2105 559 2136 tanta
584 2102 661 2135 dico
688 2103 825 2135 rituum
851 2101 1089 2135 similitudine
1116 2100 1270 2134 fortasse
1297 2100 1461 2134 concludi
1496 2104 1618 2144 potest
1643 2101 1767 2135 Delios
1793 2101 1860 2135 hac
1885 2102 1922 2135 in
1949 2111 1986 2135 re
2012 2101 2094 2135 reli-

393 2162 537 2204 gionem
564 2160 766 2203 delphicam
791 2161 956 2194 imitatos
983 2170 1070 2194 esse.
1114 2160 1165 2193 At
1190 2159 1288 2193 ultra
1314 2160 1481 2203 progredi
1508 2161 1651 2193 omnino
1678 2170 1748 2193 non
1775 2159 1870 2194 licet.
1921 2160 2092 2204 Legimus

394 2220 432 2253 in
452 2220 701 2253 Piscatoribus
727 2218 1075 2262 pseudotheocriteis
1098 2218 1259 2261 ‹QXX134
1279 2219 1368 2261 sqq.)
1397 2221 1433 2252 τί
1456 2220 1525 2264 γὰρ
1551 2223 1678 2252 ποιεῖν
1705 2221 1752 2252 ἂν
1777 2221 1860 2263 ἔχοι
1886 2231 1940 2261 τις
1966 2221 2091 2264 κείμε-

394 2291 458 2320 νος
484 2282 526 2313 ἐν
553 2278 722 2324 φύλλοις
748 2280 833 2312 ποτὶ
860 2279 999 2322 κύματι
1024 2278 1121 2322 μηδὲ
1148 2277 1359 2312 καθεύδων·
1388 2277 1479 2311 ἀλλ’
1508 2279 1592 2319 ὄνος
1618 2281 1659 2311 ἐν
1687 2279 1817 2322 ῥάμνῳ
1845 2280 1885 2311 τό
1911 2291 1955 2312 τε
1979 2278 2092 2322 λυχ-

394 2340 496 2372 νίον
523 2341 570 2372 ἐν
596 2339 865 2383 πρυτανείῳ·
903 2339 1015 2382 φαντὶ
1042 2338 1112 2382 γὰρ
1139 2339 1353 2381 ἀγρυπνίαν
1380 2337 1453 2370 τόδ’
1480 2338 1594 2381 ἔχειν.
1645 2337 1779 2371 Fateor
1810 2336 1978 2371 lucernae
2010 2348 2092 2380 pry-

394 2401 495 2431 tanei
531 2398 730 2431 insomniae
766 2396 966 2440 exemplum
1000 2395 1154 2430 alicuius
1187 2395 1353 2439 ponderis
1381 2406 1473 2438 esse;
1514 2400 1553 2429 at
1593 2396 1678 2437 quid
1716 2395 1884 2430 lucernae
1910 2396 2091 2431 61111110οο

395 2457 605 2490 commune?
654 2456 835 2498 Prytanes
871 2458 981 2489 noctu
1016 2455 1062 2488 ad
1093 2465 1243 2498 parvam
1277 2454 1461 2488 lucernam
1493 2455 1708 2498 vigilabant,
1748 2455 1800 2488 rei
1832 2454 1997 2498 publicae
2030 2454 2092 2488 ad-

394 2514 658 2549 ministrandae
685 2514 941 2548 custodiendae
981 2524 1125 2558 operam
1165 2514 1301 2547 dantes.
1353 2514 1409 2547 Ad
1451 2514 1544 2548 hanc
1585 2524 1669 2547 vero
1712 2514 1961 2555 quaestionem
2002 2512 2092 2547 nihil

394 2575 531 2608 attinet
558 2574 823 2618 Euphorionem
855 2583 1023 2607 narrasse
1059 2572 1129 2616 (ap.
1156 2572 1285 2606 Athen.
1311 2572 1379 2607 XV
1400 2572 1516 2616 70011)
1545 2573 1762 2614 Dionysium
1784 2572 1829 2606 II.
1881 2573 2091 2606 Tarentinis

394 2632 580 2677 λυχνεῖον
602 2632 878 2675 „candelabrum
904 2632 1085 2674 “donassa
1114 2631 1207 2673 quod
1234 2634 1291 2665 tot
1317 2631 1485 2665 candelas
1507 2635 1653 2675 caperet
1672 2634 1760 2673 quot
1786 2631 1860 2665 dies
1888 2641 2004 2665 annus
2029 2631 2091 2665 ha-

394 2692 511 2734 beret3
544 2702 628 2725 nam
660 2692 819 2736 profecto
847 2701 969 2725 omnes
996 2701 1068 2724 una
1095 2690 1282 2733 ardebant,
1319 2700 1389 2724 non
1414 2691 1469 2724 ita
1495 2694 1537 2723 ut
1563 2690 1637 2723 alia
1663 2689 1774 2724 aliam
1801 2693 2089 2731 consequeretur.

393 2750 475 2784 Non
502 2752 645 2784 omnino
672 2753 769 2784 recte
796 2750 935 2784 iudicat
962 2749 1035 2783 Suss
1061 2749 1139 2783 PW
1160 2749 1248 2783 VIII
1269 2749 1359 2783 1:288
1378 2758 1428 2790 sq.

513 2809 538 2853 ¹)
566 2809 721 2852 Reliqua
747 2809 789 2843 de
815 2808 879 2842 illa
905 2808 1052 2842 lucerna
1077 2808 1290 2841 testimonia
1317 2807 1540 2851 collegerunt
1565 2806 1659 2841 Jahn
1685 2807 1883 2841 Michaelis.

513 2868 538 2908 ¹2)
567 2868 692 2902 Nonne
719 2867 917 2911 Vergilius,
958 2878 1036 2900 cum
1063 2867 1104 2900 de
1130 2866 1239 2900 Iarba
1264 2867 1476 2900 Hammonis
1511 2865 1585 2899 filio
1612 2866 1788 2900 scriberet
1815 2866 1917 2910 (Aen.
1936 2867 1988 2901 IV
2008 2866 2088 2911 199)

394 2928 543 2969 templa
562 2928 670 2961 Iovis
689 2930 845 2961 centum
865 2928 961 2960 latis
987 2927 1193 2960 [inmania
1220 2927 1366 2968 regni-3,
1395 2927 1553 2958 centum
1581 2935 1682 2959 aras
1702 2927 1844 2968 posuit
1868 2926 2088 2968 viyz'lem-

395 2995 478 3028 que
512 2989 805 3021 sacraverat
838 2987 1013 3028 ignem,
1050 2985 1241 3019 eoecubias
1275 2985 1415 3018 divum
1451 2986 1648 3021 aeternas,
1685 2983 1730 3017 ad
1761 2985 1873 3018 ritum
1904 2983 2089 3027 religionis

394 3044 579 3078 Ammonis
606 3054 642 3077 se
670 3045 894 3088 applicavit?
