2180 3482
628 242 681 278 De
708 242 843 278 Tibulli
869 242 910 276 el.
929 242 965 276 II
984 243 1014 283 1,
1041 242 1171 277 Horati
1198 253 1226 277 c.
1245 242 1289 276 27
1731 244 1808 284 155

118 349 237 392 mine
269 347 363 391 sive
391 347 570 390 omnino
595 348 689 391 sive
720 348 813 391 fere
845 347 997 402 lyrico,
1027 348 1131 389 dum
1163 347 1257 403 ipse
1290 350 1423 403 poeta
1455 347 1661 403 loquitur,
1695 347 1809 389 actio

121 418 327 475 progredi
364 418 562 473 fingitur,
624 418 683 460 At
719 419 832 460 haec
872 417 1092 459 scribendi
1134 419 1408 460 consuetudo
1443 418 1497 460 ab
1529 419 1614 460 hoc
1646 431 1811 473 genere

121 490 177 533 ad
218 489 303 532 alia
339 489 437 545 plus
472 488 617 530 minus
656 488 811 530 similia
843 487 1069 543 paullatim
1103 488 1315 530 translata
1347 491 1427 530 est.
1489 489 1754 544 Exemplum
1788 503 1812 531 e

119 560 263 616 poetis
309 558 481 614 graecis
525 558 630 601 novi
676 558 845 600 nullum
893 560 1014 611 (nam
1063 560 1107 600 et
1146 558 1367 601 Theocriti
1412 559 1720 613 Syracusanae
1769 562 1812 602 et

120 630 271 672 Bionis
292 629 460 671 Adonis
483 628 607 671 aliter
630 627 863 684 compositi
886 631 1020 682 sunt),
1056 643 1079 671 e
1112 628 1254 684 po'e'tis
1288 629 1479 671 romanis
1512 629 1661 680 multa,
1699 644 1812 685 quae

121 700 269 742 omnia
301 699 508 755 colligere
540 699 626 742 iam
658 700 822 751 taedet,
858 699 980 742 iuvat
1013 714 1150 741 unum
1184 702 1227 742 et
1260 700 1446 742 alterum
1478 713 1740 755 proponere.

241 769 465 825 Singulari
498 773 593 813 arte
626 769 965 813 exaedificatum
1008 784 1186 812 carmen
1230 772 1295 812 est
1328 769 1484 811 Horati
1516 770 1632 811 127:
1680 773 1814 825 poeta

120 841 165 883 in
199 840 454 884 convivium
486 840 622 893 venit,
657 841 761 882 dum
795 839 1011 884 convivae
1044 840 1159 883 inter
1192 854 1239 883 se
1271 842 1487 895 pugnant.
1533 841 1625 882 Iam
1658 840 1814 896 aliquis

122 912 291 967 scypho
314 911 446 953 alium
473 911 577 954 iecit
610 912 680 954 vel
713 914 833 954 certe
864 911 1010 953 iacere
1042 910 1234 953 minatus
1268 914 1346 953 est.
1403 910 1612 953 Horatius
1645 910 1814 953 animos

122 982 277 1025 sedare
310 982 477 1024 studet:
512 986 625 1026 natis
656 985 701 1025 ‘iu
733 998 855 1025 usum
887 985 1069 1025 laetitiae
1095 983 1259 1038 scyphis
1278 997 1475 1038 puyndre
1503 983 1712 1024 Thracum
1738 988 1812 1025 est:

122 1055 249 1096 tollite
272 1055 499 1096 barbarum
528 1069 681 1095 morem
717 1055 1068 1108 verecundumque
1091 1054 1305 1094 Bacchum
1336 1055 1578 1107 suuyuc'ueis
1606 1054 1817 1108 prohibete

121 1126 237 1166 m'xis.
300 1124 412 1165 Tum
452 1122 676 1166 acinacem
717 1122 938 1178 persicum
977 1122 1290 1165 animadvertit
1328 1122 1383 1164 de
1425 1121 1593 1177 pariete
1624 1125 1814 1178 raptum,

123 1194 178 1237 de
200 1208 302 1250 quo,
325 1193 502 1236 triclinii
530 1195 855 1244 ornamentum,
890 1192 1136 1248 pendebat:
1172 1196 1268 1235 vino
1292 1199 1329 1235 et
1355 1195 1534 1236 lucernis
1555 1195 1707 1236 Medus
1730 1196 1814 1236 aci-

121 1280 243 1308 naces
268 1267 447 1307 immane
469 1270 672 1321 quantum
694 1266 921 1320 discrepat:
955 1266 1124 1319 impium
1146 1266 1266 1306 lenite
1298 1267 1533 1315 clamorem,
1566 1266 1743 1318 sodales,
1779 1270 1814 1306 et

124 1337 258 1378 cubito
290 1341 496 1378 remanete
519 1350 679 1391 presso.
743 1334 931 1390 Impium
970 1334 1133 1376 idcirco
1173 1335 1410 1377 clamorem
1449 1334 1567 1387 dicit,
1616 1335 1734 1390 quod
1772 1334 1817 1376 in

123 1405 428 1448 verecundum
461 1406 686 1448 Bacchum
730 1408 898 1460 peccat.
964 1405 1192 1461 Sequitur:
1234 1408 1356 1448 voltis
1393 1408 1522 1448 severi
1559 1421 1620 1448 me
1659 1421 1818 1462 quoque

123 1491 282 1519 sumere
305 1482 472 1532 partem
504 1478 706 1519 Falerni?
768 1475 893 1527 Quae
934 1476 1071 1519 Verba
1112 1490 1203 1517 non
1244 1475 1442 1530 intellegi
1485 1479 1685 1531 possunt,
1733 1475 1817 1517 nisi

125 1547 344 1589 concedas
367 1546 478 1602 fingi
505 1546 696 1603 aliquem
723 1546 768 1588 in
800 1546 1032 1589 intervallo
1064 1546 1180 1589 inter
1213 1546 1396 1588 alteram
1423 1549 1464 1589 et
1498 1546 1675 1589 tertiam
1708 1548 1817 1588 stro-

124 1618 258 1673 pham
281 1617 336 1659 ab
359 1617 544 1659 Horatio
568 1617 792 1672 petivisse,
827 1619 875 1659 ut
903 1616 988 1659 iam
1021 1617 1166 1672 longis
1199 1616 1471 1659 orationibus
1504 1616 1692 1658 dimissis
1724 1603 1819 1672 ipse

125 1687 308 1730 biberet.
373 1688 495 1730 Idem
534 1687 667 1743 igitur
706 1687 941 1729 artificium
982 1687 1353 1743 deprehendimus
1388 1687 1506 1743 quod
1539 1687 1656 1742 apud
1689 1686 1818 1729 Calli-

125 1759 345 1800 machum.
400 1759 513 1800 Tum
546 1758 667 1800 addit
699 1758 928 1800 Horatius:
964 1761 1075 1801 dicut
1102 1760 1309 1815 Opuntiae
1340 1759 1475 1807 frater
1496 1760 1703 1814 Meydhce,
1738 1774 1818 1815 quo

127 1831 268 1872 beatus
301 1832 478 1881 volnere,
520 1845 603 1885 qua
628 1836 774 1885 pereat
805 1832 974 1885 suqitta.
1040 1829 1223 1871 Poetam
1255 1828 1414 1871 leniter
1447 1828 1645 1871 cavillari
1676 1828 1763 1870 iam
1796 1842 1820 1872 e

125 1913 237 1943 voce
268 1899 341 1941 illa
375 1901 516 1943 beatus
548 1903 700 1942 nostro
733 1899 827 1942 iure
861 1899 1067 1954 colligere
1100 1899 1320 1942 videmur:
1366 1899 1554 1951 „Amore
1586 1899 1819 1955 torqueris,

126 1970 203 2012 sed
225 1969 301 2012 tali
321 1984 482 2021 amore,
507 1970 581 2026 qui
604 1973 827 2013 amantem
850 1969 1095 2013 incredibili
1118 1969 1351 2012 dulcedine
1374 1969 1581 2012 afficiat.“
1619 1969 1704 2021 Qui
1726 1972 1820 2012 tum

128 2039 300 2096 quaerit
350 2048 481 2084 cessat
532 2042 769 2093 voluutas&
823 2040 859 2082 is
908 2040 1221 2083 animadvertit
1264 2039 1487 2095 Opuntiae
1529 2039 1710 2082 fratrem
1755 2054 1821 2083 re-

125 2110 303 2163 luctari3
337 2111 489 2167 itaque
511 2111 792 2154 intervallum
821 2111 1041 2167 quoddam
1071 2110 1231 2153 silentii
1262 2110 1378 2153 inter
1410 2111 1613 2166 strophas
1645 2110 1821 2153 tertiam

129 2182 173 2222 et
207 2183 410 2236 quartam
443 2182 729 2224 statuendum
769 2184 847 2224 est.
911 2182 1024 2223 Tum
1056 2180 1267 2223 Horatius
1300 2194 1454 2223 omnes
1486 2180 1714 2223 machinas
1746 2181 1820 2223 ad-

127 2253 292 2303 movet,
325 2254 374 2293 ut
396 2252 755 2294 adulescentulus
777 2252 958 2295 tandem
980 2252 1205 2307 loquatur:
1240 2267 1324 2294 uon
1351 2254 1439 2294 aliu
1462 2253 1595 2294 bibam
1619 2254 1801 2295 mercede
1808 2267 1823 2306 ;

129 2337 234 2378 quae
272 2328 308 2365 te
349 2338 519 2379 cumque
557 2325 698 2366 domat
738 2324 876 2366 Venus
916 2338 1002 2365 uon
1049 2323 1332 2365 erubescendis
1369 2324 1513 2365 adurit
1554 2325 1720 2378 iynibus
1760 2325 1821 2365 in-

127 2408 343 2450 genuoque
373 2409 532 2449 semper
578 2409 718 2436 amore
754 2408 923 2449 peccus;
972 2395 1171 2450 quicquid
1209 2395 1346 2447 habes,
1391 2409 1479 2449 aye,
1529 2395 1685 2448 depone
1724 2396 1823 2436 tutis

129 2465 316 2506 auribus.
381 2463 608 2506 Sentimus
655 2463 1053 2515 adulescentulum,
1104 2462 1370 2518 simulatque
1414 2462 1509 2505 illas
1558 2477 1692 2506 voces
1738 2479 1823 2506 nou

131 2534 414 2577 erubescendis
447 2533 678 2585 audiverit,
720 2533 867 2576 statim
902 2534 1178 2584 erubescere,
1221 2547 1396 2576 servam
1435 2533 1551 2576 enim
1591 2533 1662 2576 vel
1692 2533 1822 2576 liber-

130 2605 222 2645 tam
270 2607 400 2646 amat.
465 2604 593 2656 Quod
636 2605 817 2659 stropha
865 2603 1021 2660 quinta
1068 2618 1168 2646 cum
1217 2606 1374 2659 quarta
1421 2603 1719 2658 coniungitur,
1768 2604 1823 2646 ad

130 2676 291 2728 poetae
348 2674 560 2717 orationis
621 2674 836 2730 impetum
900 2673 1232 2730 depingendum
1301 2673 1512 2729 pertinet;
1582 2677 1627 2716 at
1688 2673 1823 2717 inter-

132 2744 295 2786 vallum
333 2745 479 2788 denuo
518 2745 610 2787 hiat
648 2745 693 2786 in
725 2744 871 2788 media
902 2745 1097 2800 stropha,
1138 2758 1225 2800 quo
1266 2744 1421 2787 melius
1454 2744 1696 2787 sentiamus
1729 2758 1822 2787 car-

130 2813 274 2867 minis,
318 2818 367 2857 ut
399 2815 460 2858 ita
493 2816 650 2867 dicam,
701 2815 922 2858 cardinem
956 2814 1027 2857 hic
1060 2814 1186 2858 verti.
1251 2814 1622 2857 Adulescentulus
1655 2814 1823 2858 amicae

131 2898 295 2927 nomen
337 2886 521 2929 Horatio
563 2887 607 2928 in
653 2901 802 2929 aurem
852 2889 1068 2938 susurrat3
1122 2888 1216 2927 tum
1263 2885 1352 2928 ille:
1407 2902 1433 2928 α
1474 2888 1609 2939 miser,
1663 2892 1824 2942 quauta

132 2957 303 2999 laboras
346 2959 390 2999 iu
435 2959 661 3014 Charybdi,
710 2959 833 3013 dique
865 2973 975 3013 puer
1017 2958 1184 2999 meliore
1222 2958 1417 3009 flammam
1462 2959 1556 2998 tum
1605 2969 1658 2998 ea
1702 2956 1822 2998 nullo

132 3024 363 3069 intervallo
397 3026 658 3082 interposito
693 3030 904 3070 secuntur
937 3040 1050 3082 quae
1084 3029 1286 3069 extrema
1318 3027 1498 3081 stropha
1525 3025 1821 3069 continentur.
