2180 3482
692 223 745 257 De
771 223 875 257 Batti
901 222 1025 257 fabula
1052 224 1238 266 cyrenensi
1730 224 1803 263 111

124 330 344 386 quoddam
390 328 642 383 exemplum
681 341 760 383 per
799 328 949 369 ludum
996 330 1039 370 et
1076 327 1218 370 iocum
1268 329 1472 383 delegare
1510 327 1726 370 voluerit?
1760 328 1809 368 In

124 400 317 443 carmine
339 399 473 454 igitur
500 398 593 441 sive
626 398 671 439 in
704 398 898 450 historia,
933 412 1065 453 quam
1090 399 1342 440 Herodotus
1372 398 1573 450 mutavit,
1598 397 1810 453 scriptum

124 474 217 514 erat
250 472 444 521 Battum,
479 468 744 524 simulatque
777 468 822 510 in
855 468 1041 523 Libyam
1074 468 1283 521 venisset,
1319 472 1479 524 φωνὴν
1513 468 1654 523 ῥῆξαι.

242 540 454 583 Herodoti
486 539 678 580 fabulam
715 553 1007 593 cyrenensem
1040 538 1125 580 iam
1166 554 1400 594 pergamus
1428 553 1482 580 ex
1506 538 1600 580 aliis
1622 538 1810 580 auctori-

124 612 205 653 bus
238 611 457 666 supplere,
493 609 709 664 siquidem
735 609 820 651 iam
848 612 1023 651 constat
1056 609 1294 650 Pindarum
1328 612 1460 664 atque
1495 608 1810 651 Callimachum

125 682 280 723 eodem
302 680 427 723 fonte
449 694 552 722 usos
576 694 686 722 esse.
735 680 933 735 Uterque
959 682 1148 722 testatur
1171 680 1267 733 (cfr.
1294 680 1421 734 Pyth.
1447 679 1484 721 V
1509 681 1578 730 87,
1612 679 1651 719 h.
1677 679 1716 719 ΙΙ
1740 681 1812 732 76)

123 753 305 793 Battum
327 750 610 792 Aristotelem
638 764 815 805 quoque
844 764 941 791 esse
968 749 1146 792 dictum.
1196 750 1246 790 In
1270 749 1449 791 nomine
1477 748 1641 804 duplici
1663 748 1812 791 nescio

127 836 205 864 cur
237 824 328 863 tam
360 820 486 862 multi
519 820 806 869 offenderint;
841 835 943 862 nam
979 823 1022 862 et
1054 820 1099 861 in
1132 820 1224 863 vita
1251 819 1491 861 cottidiana
1520 818 1613 861 fieri
1645 819 1813 861 solebat,

124 895 173 934 ut,
210 906 372 934 nomen
415 907 440 933 a
479 894 604 947 patre
644 891 802 933 infanti
842 891 1096 946 impositum
1135 890 1389 945 cognomini
1421 905 1446 932 a
1480 889 1584 933 vitio
1619 889 1814 945 corporis

124 962 324 1005 derivato
358 963 453 1004 loco
488 962 665 1004 cederet
682 962 725 1016 ¹),
760 964 803 1003 et
837 964 1188 1003 consentaneum
1222 963 1289 1003 est
1312 960 1429 1001 illum
1455 960 1528 1015 qui
1552 961 1666 1001 hanc
1688 959 1813 1001 fabu-

124 1033 212 1075 lam
240 1032 502 1088 composuit,
537 1032 655 1074 ritae
679 1031 947 1074 cottidianae
971 1031 1222 1086 exemplum
1247 1033 1448 1073 secutum
1472 1044 1580 1072 esse.
1609 1056 1658 1059 —
1685 1029 1813 1072 Calli-

124 1104 308 1145 machus
330 1107 478 1145 narrat
504 1103 562 1156 (H
580 1105 635 1144 65
649 1105 730 1157 sq.)
765 1101 1015 1157 Apollinem
1044 1101 1166 1143 corvi
1192 1100 1337 1155 figura
1359 1102 1539 1142 Battum
1563 1100 1606 1141 in
1629 1100 1815 1155 Libyam

125 1173 325 1225 duxisse;
370 1187 484 1228 quae
528 1172 705 1214 fabulae
746 1171 889 1213 forma
931 1186 1030 1213 cum
1072 1170 1168 1227 ipsa
1206 1170 1390 1226 antiqua
1428 1170 1644 1222 videatur,
1686 1170 1815 1213 facile

125 1243 257 1287 etiam
291 1243 583 1286 demonstrari
616 1245 764 1298 potest
796 1241 913 1283 illam
946 1241 1039 1283 aliis
1081 1241 1240 1283 fabulis
1285 1240 1515 1296 cyrenaeis
1560 1240 1665 1296 ipsis
1710 1241 1816 1283 satis

125 1313 318 1370 antiquis
359 1313 562 1369 exemplo
602 1312 739 1355 fuisse
753 1311 795 1366 2).
859 1312 938 1354 Illa
974 1311 1158 1354 historia
1197 1316 1316 1363 (nam
1354 1311 1537 1353 historia
1575 1311 1814 1354 existimari

126 1384 281 1436 voluit)
316 1399 342 1426 a
374 1398 462 1440 qua
485 1387 526 1426 et
555 1384 808 1426 Herodotus
842 1386 886 1425 et
909 1382 1124 1424 Pindarus
1159 1386 1202 1424 et
1232 1382 1526 1425 Callimachus
1558 1383 1815 1435 hauserunt,

125 1458 273 1496 utrum
305 1454 507 1498 versibus
541 1468 596 1496 an
636 1453 834 1495 oratione
873 1453 1067 1495 numeris
1108 1453 1251 1494 soluta
1289 1455 1508 1507 concepta
1547 1452 1614 1504 sit,
1661 1452 1815 1494 diiudi-

126 1539 226 1568 care
264 1539 355 1567 non
392 1525 545 1566 ausim.
610 1524 722 1566 Nam
763 1524 941 1566 oracula
981 1524 1035 1565 ad
1067 1523 1399 1566 decernendum
1439 1522 1617 1564 omnino
1650 1523 1815 1565 nullam

126 1610 279 1638 ansam
312 1595 543 1651 praebent,
584 1594 793 1651 quoniam
827 1607 977 1636 eorum
1020 1596 1168 1649 partes
1209 1596 1251 1636 et
1291 1593 1336 1634 in
1375 1593 1642 1635 carminibus
1681 1593 1849 1649 epicis*

125 1665 460 1717 recentioribus,
494 1668 543 1707 ut
577 1680 677 1707 cum
703 1664 773 1707 alii
796 1667 890 1706 tum
914 1665 1039 1706 Marx
1072 1663 1395 1707 demonstravit
1408 1663 1451 1715 ⁸),
1487 1666 1530 1706 et
1556 1663 1601 1704 in
1622 1663 1816 1705 historiis

126 1736 405 1793 pedestribus
428 1735 758 1792 antiquissimis,
782 1738 831 1777 ut
850 1749 904 1777 ex
922 1735 1018 1790 ipso
1036 1735 1263 1777 Herodoto
1288 1733 1604 1785 concludimus,
1628 1748 1818 1789 magnae

127 1810 170 1850 et
202 1807 308 1849 satis
340 1821 500 1862 graves
539 1807 732 1849 fuerunt.
798 1805 966 1848 Pariter
1004 1819 1095 1847 non
1133 1805 1338 1856 decerno,
1378 1801 1526 1846 utrum
1564 1804 1817 1846 Herodotus

125 1877 220 1934 ipse
252 1877 322 1920 illo
356 1877 465 1920 libro
498 1892 603 1919 usus
637 1876 692 1918 sit
726 1891 783 1918 an
815 1875 975 1931 potius,
1016 1889 1130 1931 quae
1163 1878 1326 1927 narrat,
1367 1889 1392 1916 a
1421 1874 1664 1929 Cyrenaeis
1696 1874 1816 1916 audi-

127 1948 262 2000 verit3
295 1949 383 1990 huc
414 1951 566 1990 tamen
589 1947 811 1990 sententia
839 1960 890 1988 ea
923 1947 976 1989 de
1009 1960 1143 1988 causa
1174 1945 1370 1997 inclinat,
1406 1946 1524 2001 quod
1555 1945 1616 1987 ita
1647 1945 1818 1987 facilius

127 2018 375 2074 explicatur
398 2018 587 2060 eundem
611 2031 708 2060 esse
741 2018 859 2073 apud
892 2031 993 2059 eum
1025 2016 1303 2058 oraculorum
1335 2016 1481 2058 locum
1504 2018 1548 2058 et
1571 2014 1616 2056 in
1637 2015 1820 2057 historia

128 2088 407 2144 Cyrenarum
449 2088 757 2144 antiquissima
798 2090 841 2130 et
884 2086 1010 2143 quasi
1050 2086 1238 2129 fabulari
1281 2100 1412 2142 quem
1450 2085 1496 2127 in
1534 2086 1666 2128 rebus
1705 2100 1819 2141 quae

130 2159 299 2216 „spatio
334 2158 568 2201 historico“
604 2158 786 2201 fuerunt
829 2157 1085 2201 enarrandis
1133 2157 1226 2209 (cfr.
1250 2157 1311 2199 IV
1340 2159 1686 2208 159.161.163).
1749 2156 1819 2197 An

125 2230 236 2272 haec
270 2243 448 2285 quoque
481 2229 676 2271 carmine
708 2228 780 2271 illo
814 2228 908 2271 sive
939 2227 1123 2270 historia
1156 2227 1417 2283 mythologa
1445 2227 1818 2270 continebantur?

126 2299 184 2341 At
217 2299 438 2355 Cyrenaei
470 2299 625 2342 iisdem
658 2298 935 2341 adminiculis
968 2298 1245 2340 narrationes
1278 2298 1333 2340 de
1356 2297 1532 2340 casibus
1555 2297 1644 2339 suis
1666 2311 1819 2340 recen-

128 2370 307 2412 tissimis
339 2370 584 2413 fulciebant
617 2369 777 2426 quibus
810 2369 1015 2425 antiquas
1048 2368 1232 2410 fabulas.

956 2500 985 2539 4

247 2581 362 2634 Quid
394 2581 522 2623 nobis
555 2581 758 2624 effecisse
791 2580 1034 2631 videamur,
1068 2578 1220 2635 paucis
1253 2578 1339 2620 iam
1373 2579 1818 2634 comprehendamus:

129 2652 429 2695 narrationem
463 2653 517 2694 de
544 2653 675 2694 Batto
709 2653 890 2694 theraeo
913 2650 1128 2706 Apollinis
1160 2649 1374 2691 instinctu
1408 2649 1587 2691 colonos
1620 2648 1664 2690 in
1686 2648 1818 2703 Liby-

129 2737 200 2765 am
226 2723 418 2765 ducente
451 2722 617 2778 optime
649 2736 728 2778 per
761 2735 808 2764 se
841 2724 957 2763 stare
984 2734 1133 2776 posse3
1168 2719 1238 2762 cui
1271 2722 1427 2775 postea
1459 2718 1675 2774 originem
1702 2717 1820 2760 Batti

248 2840 273 2885 1)
307 2840 378 2875 Cfr.
403 2840 562 2883 Bechtel,
602 2840 866 2883 Einstammige
898 2839 1213 2872 Personennamen
1246 2847 1312 2871 aus
1347 2836 1591 2880 Spstznamen,
1625 2836 1822 2880 Gettinger

129 2899 219 2934 Abh.
238 2899 301 2933 NF
321 2900 352 2934 V
379 2898 445 2933 3ff.

248 2958 274 3000 2)
302 2958 372 2991 Cfr.
392 2968 483 2999 quae
510 2968 620 3001 supra
646 2957 693 3002 (p.
713 2957 758 2991 40
769 2957 835 3001 sq.)
855 2956 1131 2998 disputavimus.

250 3016 275 3060 ⁸)
302 3016 345 3050 N.
364 3015 485 3050 Jahrb.
504 3016 527 3050 f.
548 3017 578 3050 d.
598 3015 647 3050 kl.
667 3015 740 3050 Alt.
761 3015 850 3049 XIII
879 3014 978 3057 1904,
1006 3014 1074 3047 673
1086 3024 1160 3055 sqq.
