2180 3482
821 266 875 300 De
902 266 1041 301 Cereris
1067 267 1196 310 hymno
1777 273 1855 312 149

164 370 276 412 illius
323 369 521 413 facinora
569 370 749 425 egregia
796 385 989 423 narrare,
1039 374 1259 427 quomodo
1309 374 1429 429 leges
1467 375 1620 429 generi
1662 376 1854 417 humano

163 440 445 491 concesserit,
486 441 706 496 quomodo
747 440 924 496 frugum
963 445 1100 484 artem
1135 443 1452 498 Triptolemum
1496 445 1707 496 docuerit,
1748 460 1854 501 quo-

162 511 293 553 modo
328 513 392 558 (ut
425 510 522 566 quis
555 510 808 566 superbiam
842 511 971 566 vitet)
1013 512 1083 553 illa
1115 514 1452 568 Erysichthonis
1486 515 1693 557 delictum
1727 515 1854 570 puni—

163 580 274 623 verit
292 581 360 632 ¹).“
425 581 517 622 Iam
556 580 896 635 Erysichthonis
930 583 964 622 T
969 582 1117 638 riopae
1156 583 1230 625 filii
1274 584 1455 626 historia
1497 589 1740 635 enarratur,
1780 586 1853 641 qui

162 651 324 694 idcirco
348 650 600 706 inexplebili
637 651 753 694 fame
787 651 977 707 perierit,
1013 654 1131 708 quod
1163 655 1363 697 arborem
1397 656 1504 697 (leae
1539 670 1707 697 sacram
1742 655 1854 697 ceci-

162 721 310 764 disset.
361 721 485 773 Quae
508 736 533 763 a
557 737 596 764 v.
623 724 679 763 24
711 736 852 778 usque
875 723 929 764 ad
954 738 992 765 v.
1028 726 1106 764 117
1132 724 1336 779 pertinet.
1390 726 1480 767 lam
1516 739 1641 767 sacra
1673 726 1851 777 adsunt,

161 790 246 833 iam
271 791 566 834 Callimachus
601 792 669 834 vel
704 792 902 848 quisquis
934 793 1128 849 loquitur
1160 795 1414 836 mulieribus
1450 795 1680 837 formulam
1713 795 1851 850 praeit

161 862 432 913 sollemnem,
481 861 574 918 ipse
618 862 749 905 edicit
791 863 950 919 quibus
989 863 1056 905 fas
1095 864 1149 905 sit
1190 865 1316 906 deam
1360 879 1499 921 usque
1548 865 1590 906 in
1640 866 1853 921 templum

139 932 378 984 comitari,
429 932 587 988 quibus
633 947 774 989 usque
817 934 871 975 ad
911 937 1198 989 prytaneum,
1249 935 1407 990 quihus
1446 935 1577 978 liceat
1616 936 1731 977 illam
1774 950 1851 991 pro

161 1002 328 1046 viribus
361 1003 499 1060 sequi,
543 1007 592 1046 ut
624 1018 829 1060 quaeque
862 1004 1019 1060 possit;
1061 1004 1155 1060 ipse
1188 1005 1379 1061 denique
1412 1006 1538 1047 deam
1573 1009 1851 1061 praesentem

163 1073 412 1130 alloquitur.

277 1145 478 1187 Eandem
501 1144 657 1187 callide
680 1144 980 1200 excogitatam
1008 1145 1212 1187 carminis
1244 1145 1430 1188 formam
1465 1146 1849 1202 deprehendimus,

159 1229 274 1271 quae
306 1215 350 1256 in
383 1216 549 1270 hymno
583 1216 635 1257 Π.
671 1214 902 1258 scitissime
936 1216 1113 1258 exculta
1146 1219 1224 1259 est..
1290 1217 1378 1259 Sed
1412 1217 1639 1272 complura
1671 1220 1774 1259 sunt
1806 1218 1850 1258 in

159 1285 319 1341 quibus
343 1284 635 1328 offendamus.
686 1286 798 1328 Nam
822 1286 1117 1329 Callimachus
1139 1286 1477 1341 Erysichthonis
1501 1287 1727 1329 historiam
1750 1302 1850 1329 cum

159 1358 322 1408 narrat,
370 1356 466 1412 ipse
507 1356 621 1399 ridet
659 1356 729 1399 vel
768 1359 889 1399 certe
927 1356 1143 1409 subridet3
1193 1371 1339 1413 neque
1373 1357 1489 1399 enim
1523 1357 1722 1413 profecto
1758 1359 1851 1401 vult

159 1441 240 1469 nos
266 1426 376 1482 regii
399 1426 694 1470 adulescentis
718 1426 940 1479 miserere,
965 1442 1064 1470 cum
1088 1427 1193 1470 dicit
1216 1427 1335 1469 illum
1360 1428 1492 1470 etiam
1515 1428 1658 1480 felem,
1690 1443 1847 1485 „quam

159 1511 324 1553 parvae
350 1497 563 1540 bestiolae
585 1500 870 1549 tremerent“,
895 1497 1153 1541 comedisse.
1193 1498 1251 1540 At
1276 1499 1520 1540 Richardus
1544 1499 1849 1542 Reitzenstein

159 1567 487 1623 elegantissimo
520 1568 665 1611 libello
702 1568 783 1620 „de
821 1568 1148 1611 narrationibus
1188 1569 1455 1625 portentosis
1490 1569 1848 1626 liellenisticis““})

158 1638 479 1681 demonstravit
519 1638 656 1681 tuisse
699 1638 955 1681 Callimachi
1003 1642 1150 1682 aetate
1201 1642 1369 1682 certum
1416 1639 1645 1682 hominum
1692 1655 1848 1696 genus,

159 1709 278 1765 quod
310 1709 492 1753 deorum
516 1709 729 1765 potentia,
765 1710 955 1765 egregiis
984 1710 1267 1761 facinoribus
1305 1710 1595 1763 „virtutibus“
1622 1712 1848 1755 celebran-

157 1779 224 1822 dis
265 1779 347 1822 sibi
389 1779 553 1823 victum
599 1784 846 1836 quaereret,
889 1781 1150 1837 aretalogos.
1215 1781 1531 1824 Callimachum
1572 1782 1627 1823 ad
1668 1782 1850 1824 istorum

158 1850 479 1893 cantilenarum
528 1852 780 1907 exemplum
829 1865 876 1894 se
920 1851 1143 1907 applicare
1191 1852 1458 1908 easdemque
1504 1852 1663 1895 leniter
1710 1853 1851 1895 ridere

158 1920 267 1964 scite
291 1921 547 1965 observavit
570 1921 939 1964 VVilamowitzius
962 1923 1022 1978 (p.
1049 1924 1164 1977 287).
1211 1922 1270 1963 At
1301 1937 1407 1964 num
1439 1922 1577 1965 libera
1610 1922 1679 1965 illa
1700 1938 1849 1965 narra-

157 1991 290 2033 tionis
328 1991 548 2035 festivitas
586 1995 722 2048 atque
761 1992 872 2034 initii
911 1996 955 2034 et
994 1992 1139 2035 exitus
1178 1992 1374 2048 gravitas
1415 1996 1536 2036 recte
1570 1993 1851 2036 consociatae

158 2061 257 2113 sint,
292 2062 397 2104 mihi
420 2062 601 2105 dubium
629 2066 714 2115 est;
750 2063 956 2119 equidem
989 2063 1034 2105 in
1066 2063 1138 2106 illo
1171 2066 1263 2105 tam
1297 2063 1535 2119 improviso
1569 2067 1851 2119 transgressu

157 2132 352 2175 offendo.
389 2158 440 2164 —-
474 2133 650 2175 Turbae
682 2132 856 2176 ieiunae
894 2133 1184 2189 impatientia,
1233 2134 1410 2190 quando
1450 2134 1627 2177 demum
1666 2135 1850 2190 Vesper,

158 2202 233 2259 qui
255 2203 341 2245 iam
365 2203 420 2246 de
443 2204 564 2246 caelo
587 2203 752 2247 furtive
775 2205 1029 2260 speculatus
1057 2204 1125 2256 sit,
1161 2205 1345 2255 eluceat,
1380 2204 1560 2260 egregie
1593 2218 1851 2260 repraesen-

157 2276 288 2316 tatur.
355 2274 417 2316 ΕΟ
460 2273 701 2316 mirabilius
741 2278 808 2317 est
841 2274 1160 2317 Callimachum
1198 2289 1256 2317 ne
1296 2277 1503 2317 conatum
1545 2275 1722 2331 quidem
1757 2289 1852 2317 esse

158 2344 296 2387 oculis
338 2344 554 2397 subicere,
603 2344 710 2401 quid
747 2345 793 2386 in
839 2344 1072 2388 mulierum
1120 2344 1277 2387 animis
1325 2345 1538 2397 evenerit,
1587 2345 1852 2401 simulatque

159 2414 333 2457 Cereris
375 2429 501 2457 sacra
548 2430 572 2458 e
618 2415 863 2471 longinquo
908 2418 1149 2471 conspecta
1190 2415 1289 2457 sint.
1354 2415 1693 2470 Erysichthonis
1735 2415 1852 2457 enim

159 2488 345 2527 mortem
378 2485 567 2538 reticuit,
608 2489 655 2527 ut
690 2500 841 2528 eorum
875 2485 950 2541 qui
988 2486 1188 2540 legerent
1228 2485 1466 2528 stomachis
1505 2488 1723 2542 parceret,
1762 2500 1852 2527 non

161 2556 278 2611 quod
312 2556 447 2598 Ceres
480 2556 566 2598 iam
599 2556 853 2599 advenisset
867 2556 916 2608 8);
960 2570 1060 2597 nam
1107 2555 1211 2612 quid
1245 2570 1298 2598 ex
1332 2555 1512 2598 historia
1546 2557 1765 2599 redundet
1798 2556 1853 2597 ad

159 2640 302 2669 mores
325 2625 551 2668 hominum
581 2626 897 2677 emendandos,
922 2625 1054 2667 addit.
1089 2650 1144 2655 -
1179 2626 1286 2677 Quis
1310 2627 1528 2681 loquatur,
1553 2626 1730 2668 mininie
1754 2640 1851 2681 per-

159 2696 361 2749 spicuum.
395 2701 478 2738 est:
515 2712 614 2738 nam
655 2696 755 2737 viris
791 2696 828 2737 in
867 2710 991 2737 sacro
1026 2696 1224 2738 muliebri
1262 2697 1404 2737 nullus
1437 2697 1558 2737 locus
1595 2700 1672 2737 est.
1739 2698 1846 2735 Sunt

163 2768 358 2820 protecto
400 2767 558 2821 quibus
598 2768 706 2808 hae(-
751 2767 906 2809 nebula
948 2771 984 2807 et
1031 2766 1170 2815 raligo
1213 2766 1303 2820 ipsa
1349 2767 1530 2820 placeat,
1584 2767 1681 2806 milii
1722 2767 1848 2807 vehe-

160 2842 331 2880 menter
377 2837 590 2892 dis-plicet.
628 2864 677 2867 —---
718 2837 997 2879 Manifestum
1044 2842 1103 2878 est
1150 2837 1417 2879 Callimacho
1462 2853 1546 2878 non
1593 2836 1715 2877 fac-,ile
1756 2852 1850 2875 sm·-

278 2943 304 2987 1)
330 2942 373 2977 In
399 2954 432 2977 v.
452 2944 496 2977 23
522 2942 602 2977 hiat
626 2943 768 2977 lacuna.

278 3001 307 3046 ⁹)
332 3001 612 3037 Hellenistische
637 3000 1046 3045 Wundererzahlungen
1073 3001 1233 3045 (Lipsiae
1262 3001 1375 3044 1906).

279 3059 306 3105 ³)
335 3061 436 3104 Quod
461 3071 586 3096 moneo
612 3061 786 3096 adversus
812 3059 1137 3095 Wilamowitzium
1164 3059 1210 3104 (p.
1229 3060 1323 3104 278).
