2180 3482
323 239 402 279 118
951 234 1005 268 De
1029 233 1162 268 fabulis
1186 235 1372 276 cyrenaeis

316 342 491 398 utrique
532 340 670 396 primo
713 354 813 381 cum
852 339 1214 382 Lacedaemoniis
1248 339 1490 382 concordes
1522 338 1672 390 fuisse,
1712 342 1807 380 tum
1840 338 2007 381 dissen-

318 413 426 455 sisse
461 425 601 466 eaque
635 411 689 452 de
723 424 856 451 causa
888 409 1102 465 migrasse
1135 409 1362 461 dicuntur,
1405 410 1523 465 quod
1561 409 1607 450 in
1639 412 1829 464 utraque
1860 407 2010 450 fabula

319 497 410 525 non
444 494 597 523 omnes
649 479 793 522 coloni
839 480 916 522 sed
959 494 1062 535 pars
1106 480 1294 522 insulam
1331 480 1555 522 habitasse
1593 482 1850 530 narrantur3
1891 479 2010 534 quod

319 553 363 594 in
392 555 582 607 utraque
605 549 736 606 pauci
758 549 1097 592 Lacedaemonii
1131 550 1327 592 comitati
1360 553 1475 592 sunt.
1526 549 1772 592 Similitudo
1807 552 2008 604 augetur,

318 623 353 665 si
384 637 474 664 non
507 621 593 663 iam
626 622 742 663 hanc
778 620 957 663 tabulae
996 620 1182 662 formam
1217 635 1348 676 quam
1383 620 1540 663 Conon
1572 623 1735 671 narrat,
1785 620 1862 662 sed
1893 619 2011 661 illam

319 708 450 749 quam
485 691 613 734 nobis
646 691 909 733 Plutarchus
940 694 1262 746 repraesentat,
1303 690 1540 746 sequimur.
1606 690 1692 742 Qui
1730 691 1801 743 (de
1839 689 2009 735 mulier.

318 764 416 807 virt.
443 766 526 804 247
540 765 581 816 a)
598 763 624 816 ¹)
660 764 811 803 narrat
834 762 1165 816 Tyrrhenorum
1191 760 1306 803 filios
1334 775 1357 803 e
1386 760 1642 803 mulieribus
1664 760 2012 803 Atheniensibus

320 849 428 890 quas
461 835 690 876 Braurone
730 831 995 888 rapuissent,
1037 834 1281 887 susceptos,
1323 845 1423 873 cum
1462 831 1517 873 ab
1549 831 1896 874 Atheniensibus
1935 845 2011 874 ex-

319 904 433 961 pulsi
477 905 532 946 ad
570 905 820 946 Taenarum
867 902 1144 958 appulissent
1183 916 1373 958 cumque
1411 901 1774 944 Lacedaemoniis
1812 901 1858 943 in
1897 902 2011 944 bello

319 977 533 1019 adversus
555 974 728 1016 Hilotas
761 973 960 1015 auxiliati
993 976 1156 1025 essent,
1190 973 1245 1015 ab
1277 973 1345 1014 his
1377 972 1422 1014 in
1455 972 1682 1015 civitatem
1713 972 1775 1014 ita
1808 976 2013 1029 receptos

320 1061 430 1098 esse,
464 1049 511 1088 ut
535 1044 868 1100 magistratibus
900 1058 992 1086 non
1023 1043 1330 1098 fungerentur.
1390 1043 1503 1086 Cum
1535 1046 1692 1099 postea
1722 1043 1850 1086 novis
1882 1043 2014 1085 rebus

321 1116 544 1160 studuisse
576 1115 848 1166 viderentur,
888 1114 934 1156 in
972 1128 1195 1156 carcerem
1236 1114 1458 1170 proiectos
1498 1127 1614 1166 esse;
1653 1113 1825 1156 illarum
1862 1116 2012 1156 tamen

319 1202 482 1230 uxores
506 1201 581 1230 eos
606 1187 760 1229 eodem
783 1185 882 1228 dolo
907 1184 1102 1227 adhibito
1123 1198 1324 1228 servasse
1348 1199 1435 1240 quo
1459 1185 1712 1227 Herodotus
1730 1183 2014 1226 Lemniorum

320 1271 496 1308 uxores,
532 1256 607 1313 qui
632 1259 787 1312 postea
810 1256 998 1297 Theram
1033 1254 1341 1306 condiderunt,
1375 1269 1478 1296 usas
1503 1269 1599 1297 esse
1637 1254 1847 1297 narravit.
1902 1255 2014 1296 Tum

323 1342 397 1370 eos
431 1328 485 1369 ad
518 1328 768 1382 Taygetum
801 1339 1004 1368 reversos
1037 1326 1093 1367 ad
1126 1325 1378 1367 libertatem
1410 1325 1583 1367 Hilotas
1616 1339 1814 1368 vocasse.
1879 1325 2014 1367 Lace-

321 1398 577 1442 daemonios
619 1397 680 1438 ita
718 1411 819 1438 cum
856 1395 908 1437 iis
945 1410 1101 1451 pacem
1143 1395 1379 1452 pepigisse,
1419 1399 1469 1437 ut
1508 1395 1674 1438 Pollide
1714 1398 1758 1438 et
1797 1395 2018 1439 Crataeda

321 1467 663 1512 lacedaemoniis
697 1466 883 1508 ducibus
915 1465 1169 1521 migrarent.
1235 1466 1411 1508 Partem
1444 1466 1546 1508 Meli
1577 1466 1811 1519 mansisse3
1846 1469 2017 1522 partem

322 1542 423 1595 post
455 1539 618 1580 multos
652 1552 779 1580 casus
812 1537 969 1579 urbem
1001 1537 1191 1592 Lyctum
1224 1536 1269 1578 in
1297 1536 1432 1579 Creta
1463 1536 1725 1580 condidisse.
1753 1563 1803 1566 ψ
1830 1536 1876 1579 Si
1907 1537 2018 1580 haec

321 1610 498 1652 fabulae
516 1609 657 1651 forma
676 1622 779 1664 prae
798 1608 883 1659 illa,
909 1622 1041 1664 quam
1060 1607 1250 1663 priorem
1270 1606 1570 1663 exposuimus,
1593 1607 1792 1663 genuina
1809 1610 1939 1660 esset,
1963 1608 2018 1650 de

323 1680 458 1722 totius
476 1679 743 1722 narrationis
767 1678 856 1721 fide
881 1682 1029 1720 actum
1054 1681 1183 1721 esset.
1219 1678 1331 1720 Nam
1356 1678 1463 1734 quin
1488 1677 1528 1720 ei
1551 1677 1626 1734 qui
1650 1679 1759 1721 haec
1779 1678 2018 1720 ementitus

324 1754 404 1803 est,
435 1750 648 1793 Herodoti
674 1750 797 1792 locus
821 1749 957 1791 oculis
981 1749 1245 1792 obversatus
1269 1748 1336 1800 sit,
1362 1748 1564 1791 dubitare
1587 1749 1765 1791 omnino
1788 1763 1879 1791 non
1900 1748 2017 1801 licet,

325 1836 592 1877 quamquam
625 1820 805 1863 fuerunt
840 1819 915 1876 qui
942 1819 1209 1862 dubitarent.
1261 1820 1348 1862 Sed
1371 1819 1543 1862 recenti
1564 1820 1675 1861 haec
1698 1819 1848 1862 fabula
1870 1822 2018 1862 aetate

323 1892 377 1934 ab
402 1906 453 1934 eo
478 1891 733 1946 excogitata
757 1904 852 1933 esse
885 1890 1074 1942 videtur,
1110 1890 1186 1946 qui
1206 1889 1554 1932 Atheniensibus
1586 1889 1777 1941 faveret3
1805 1889 1877 1931 isti
1900 1889 2019 1932 enim

324 1962 468 2005 coloni
500 1961 617 2004 Melii
653 1962 843 2018 quadam
877 1975 932 2004 ex
965 1964 1092 2017 parte
1118 1960 1417 2004 Athenienses
1452 1963 1566 2002 sunt.
1615 1961 1685 2002 Ex
1716 1961 1801 2003 hoc
1836 1960 2018 2003 consilio

326 2032 586 2088 explicatur,
621 2032 738 2088 quod
766 2031 941 2086 Pelasgi
964 2031 1182 2086 Tyrrheni
1214 2046 1294 2087 pro
1328 2030 1490 2086 Minyis
1524 2031 1872 2073 substituuntur:
1913 2045 2017 2074 con-

325 2104 472 2146 stabat
530 2103 647 2145 enim
696 2116 751 2145 ex
799 2103 1026 2145 Herodoto
1077 2102 1154 2155 (VI
1198 2105 1294 2156 138)
1344 2102 1555 2156 Pelasgos
1608 2101 1796 2144 lemnios
1850 2102 2019 2158 puellas

325 2173 608 2217 athenienses
642 2174 871 2215 Braurone
903 2172 1116 2228 rapuisse,
1152 2173 1206 2215 de
1238 2172 1400 2227 Minyis
1433 2175 1588 2214 contra
1619 2171 1727 2213 nihil
1759 2171 1899 2215 simile
1929 2175 2017 2215 tra-

325 2245 529 2297 debatur3
559 2245 769 2299 Pelasgos
801 2258 904 2286 vero
935 2244 1190 2298 Tyrrhenos
1217 2243 1354 2286 fuisse
1377 2242 1481 2285 inde
1504 2257 1529 2285 a
1553 2243 1772 2299 Sophocle
1795 2242 1841 2284 in
1862 2242 2019 2286 litteris

326 2315 505 2358 Graecis
546 2314 801 2370 saepissime
841 2314 1075 2369 legebatur
1088 2313 1130 2365 ²).
1196 2313 1382 2366 Quando
1417 2314 1594 2356 demum
1627 2314 1739 2356 haec
1770 2313 1922 2356 tabula
1952 2313 2017 2355 in-

325 2388 462 2428 venta
489 2385 557 2437 sit,
592 2385 772 2428 difficile
800 2388 865 2427 est
889 2385 945 2427 ad
968 2385 1318 2427 decernendum:
1343 2384 1533 2427 tortasse
1556 2384 1707 2440 primis
1721 2383 1748 2436 ³)
1773 2384 1877 2427 belli
1899 2384 2018 2440 pelo-

325 2455 585 2512 ponnesiaci
625 2455 766 2507 annis,
807 2470 907 2498 cum
938 2455 1237 2498 Athenienses
1277 2454 1508 2498 civitatum
1547 2454 1793 2497 doricarum
1831 2454 2019 2509 gratiam

325 2526 407 2568 sibi
441 2526 677 2569 conciliare
711 2526 970 2578 studebant3
1004 2525 1194 2568 fortasse
1225 2525 1417 2568 foederis
1439 2524 1647 2567 maritimi
1669 2525 1788 2568 tertii
1810 2524 2018 2581 tempori-

324 2597 420 2648 bus,
457 2611 557 2638 cum
578 2596 711 2639 iidem
735 2597 880 2639 denuo
905 2597 1122 2648 civitates,
1152 2610 1267 2653 quae
1293 2596 1450 2639 foedus
1472 2595 1737 2652 reciperent,
1762 2596 2017 2652 captabant.

326 2691 380 2696 ——
415 2667 503 2710 Sed
542 2667 674 2709 etiam
707 2667 779 2709 illa
810 2667 987 2710 fabulae
1019 2666 1161 2709 forma
1195 2682 1327 2723 quam
1360 2666 1506 2722 priore
1542 2667 1639 2709 loco
1679 2665 2018 2722 perstrinximus

327 2752 549 2793 quamque
588 2738 879 2780 vetustiorem
910 2752 1006 2781 esse
1045 2737 1368 2789 contendimus,
1405 2736 1671 2779 dubitationi
1707 2736 1902 2779 obnoxia
1937 2739 2017 2788 est,

445 2855 471 2899 ¹)
497 2855 576 2889 Non
603 2856 746 2890 diversa
770 2856 882 2890 refert
907 2859 1046 2898 quaest.
1066 2866 1118 2900 gr.
1139 2855 1250 2890 29610.

444 2914 470 2958 Γ2)
500 2913 571 2948 Cir.
592 2915 734 2957 Beloch,
762 2914 903 2949 Griech.
923 2914 1050 2949 Gesch.
1069 2915 1102 2948 Ι2
1120 2915 1151 2957 2,
1166 2915 1221 2948 50.

445 2973 470 3015 ³)
497 2973 593 3007 Ante
627 2984 760 3007 annum
792 2973 932 3008 scilicet
963 2974 1041 3016 417,
1087 2984 1155 3015 quo
1182 2973 1422 3007 Athenienses
1453 2971 1551 3006 illius
1582 2971 1723 3007 insulae
1756 2972 1852 3007 cives
1883 2972 2019 3016 partim

325 3029 417 3064 ferro
446 3031 651 3066 ceciderunt
675 3033 810 3076 partim
835 3033 872 3066 in
899 3034 1113 3067 servitutem
1138 3032 1366 3076 redegerunt.
