2180 3482
751 232 805 267 De
830 234 1000 276 pericopa
1025 243 1138 276 paene
1164 233 1294 268 ultima
1812 239 1866 277 69

178 338 304 382 rioris
319 339 361 393 ¹).
430 338 542 380 Item
588 337 828 380 Clearchus
873 339 1000 380 deam
1051 339 1096 380 in
1141 339 1332 395 lapidem
1379 341 1631 383 ascendisse
1679 340 1866 396 scripsit,

178 408 253 465 qui
276 411 420 452 aetate
447 422 527 450 sua
552 408 633 449 sub
661 409 774 463 pede
800 409 996 451 Latonae
1024 415 1189 452 aeneae
1217 410 1348 452 etiam
1370 414 1464 452 tum
1492 414 1627 463 esset,
1651 410 1733 453 fuit
1761 425 1866 466 ergo

176 479 361 535 Delphis
402 478 577 534 signum
619 484 808 521 a‘e'neum
846 479 1044 521 Latonae
1081 480 1329 535 Apollinem
1370 495 1520 523 arcum
1560 481 1867 524 intendentem

178 549 448 592 sustinentis.
511 548 643 604 Apud
676 548 866 591 Plinium
899 563 1004 592 vero
1036 550 1223 605 legimus
1257 551 1472 605 (XXXIV
1508 554 1578 606 77)
1618 552 1784 594 Romae
1821 552 1865 593 in

179 621 288 663 aede
321 619 597 662 Concordiae
631 633 741 675 opus
773 620 1076 675 Euphranoris
1122 621 1301 673 servari,
1342 622 1557 664 Latonam
1603 636 1866 678 puerperam

177 690 426 746 Apollinem
459 693 503 732 et
524 689 715 731 Dianam
748 689 942 732 infantes
976 692 1283 734 sustinentem.
1347 692 1494 747 Atque
1527 693 1582 734 ad
1615 693 1867 747 exemplum

176 760 479 816 Euphranoris
506 762 752 802 statuarum
775 761 884 802 duas
908 761 1251 816 compositiones
1285 762 1516 818 exculptas
1541 775 1650 813 esse,
1685 762 1867 804 alteram

176 831 217 872 in
264 844 417 873 museo
457 830 723 886 Capitolino,
767 831 950 873 alteram
990 831 1096 874 item
1135 834 1307 874 Romae
1346 833 1464 888 apud
1503 832 1709 875 Torlonia
1748 833 1866 888 prin-

177 901 320 956 cipem
373 904 613 953 servatam,
675 902 840 957 pariter
897 902 1145 957 complures
1197 917 1402 944 nummos
1456 902 1684 946 civitatum
1737 903 1868 946 Asiae

176 971 356 1013 Minoris
410 974 556 1014 aetate
600 971 916 1027 imperatorum
965 986 1061 1014 esse
1108 972 1285 1015 incusos
1333 973 1563 1015 contendit
1610 974 1867 1016 Theodorus

177 1041 467 1096 Seh1·eiber²).
516 1042 572 1084 At
606 1041 851 1085 rectissime
874 1043 1087 1086 adversus
1112 1057 1212 1086 eum
1235 1043 1406 1085 monuit
1427 1043 1638 1085 Aemilius
1662 1044 1866 1099 Reisch³)

177 1112 353 1168 signum
395 1116 516 1156 certe
556 1112 868 1168 Capitolinum,
916 1113 1034 1165 quod
1074 1113 1386 1155 resarcitorum
1427 1113 1565 1156 rabiei
1605 1114 1750 1156 minus
1791 1114 1867 1156 ol)-

176 1182 360 1225 noxium
392 1183 488 1236 fuit,
523 1197 665 1239 genus
699 1183 929 1240 sculpendi
961 1198 1067 1240 prae
1101 1198 1147 1226 se
1168 1183 1298 1235 ferre,
1333 1185 1451 1240 quod
1474 1199 1499 1226 a
1522 1184 1668 1240 quarti
1690 1184 1866 1236 saeculi,

176 1268 262 1310 quo
295 1254 561 1310 Euphranor
592 1254 756 1306 floruit,
798 1254 1020 1309 elegantia
1059 1257 1103 1297 et
1136 1254 1261 1311 quasi
1293 1255 1474 1298 mollitie
1514 1258 1607 1297 toto
1651 1256 1771 1298 caelo
1805 1255 1867 1297 di-

176 1327 276 1377 stet,
310 1325 421 1367 deae
443 1338 549 1367 vero
573 1324 773 1367 Latonae
801 1339 962 1381 corpus
994 1324 1056 1367 ita
1088 1328 1131 1368 et
1163 1325 1376 1368 vestitum
1410 1328 1453 1368 et
1485 1325 1722 1368 formatum
1756 1340 1865 1378 esse,

173 1397 223 1437 ut
266 1397 311 1438 et
341 1397 568 1437 matronas
608 1398 652 1438 et
685 1398 825 1438 artem
869 1410 1087 1438 annorum
1126 1395 1242 1439 inter
1282 1399 1368 1439 470
1411 1399 1453 1439 et
1493 1399 1580 1438 460
1619 1411 1655 1438 a.
1691 1396 1791 1439 Chr.
1822 1411 1864 1438 n.

175 1466 346 1509 deceat.
412 1466 537 1518 Quae
570 1480 679 1509 sane
712 1467 861 1509 omnia
899 1470 942 1510 et
981 1470 1111 1510 acute
1149 1467 1386 1510 observata
1424 1471 1468 1510 et
1504 1470 1626 1510 recte
1659 1469 1868 1510 conclusa

174 1536 400 1580 Videntur:
436 1540 592 1579 contra
614 1537 725 1579 haec
752 1537 892 1593 signa,
926 1537 1091 1593 pariter
1121 1553 1325 1580 nummos
1358 1552 1469 1594 quos
1502 1551 1645 1594 nuper
1677 1538 1866 1580 diximus

174 1606 230 1649 ab
253 1607 457 1663 exemplo
484 1607 598 1649 illius
625 1610 871 1650 statuarum
899 1608 1230 1664 compositionis
1254 1609 1448 1664 pendere
1471 1624 1603 1665 quam
1627 1607 1866 1652 Clearchus

175 1677 471 1734 descripserit,
503 1678 610 1720 mihi
643 1678 822 1734 quidem
854 1679 925 1721 ille
958 1694 1049 1721 non
1083 1679 1313 1735 persuasit.
1372 1680 1483 1721 Nam
1517 1694 1594 1722 cur
1627 1679 1867 1722 Clearchus

175 1748 336 1791 dixerit
376 1748 596 1791 Latonam
634 1749 822 1792 alterum
862 1752 1038 1792 tantum
1080 1764 1103 1792 e
1140 1749 1288 1792 liberis
1327 1750 1559 1802 sustinere,
1600 1765 1869 1806 quamquam

172 1819 345 1862 Latona
367 1819 520 1862 ambos
546 1822 728 1875 gestans
762 1819 914 1862 efficta
947 1824 1076 1871 esset,
1110 1820 1275 1863 frustra
1309 1821 1533 1877 explicare
1566 1824 1751 1863 conatus
1785 1824 1864 1863 est.

173 1890 266 1933 Nec
309 1890 451 1945 magis
498 1890 772 1945 probabilem
818 1905 997 1933 causam
1035 1891 1219 1944 invenit,
1266 1906 1343 1934 cur
1382 1892 1555 1934 Latona
1590 1891 1637 1933 in
1678 1894 1868 1947 utroque

173 1961 352 2004 vasculo
387 1975 525 2002 unum
547 1961 797 2017 Apollinem
830 1964 1014 2017 portans
1046 1961 1166 2004 facta
1199 1961 1266 2014 sit,
1302 1962 1519 2018 siquidem
1546 1962 1674 2004 ambo
1703 1977 1728 2004 a
1749 1976 1866 2004 com-

172 2030 392 2087 positione
413 2031 486 2073 illa
515 2032 745 2075 clearchea
774 2033 1012 2088 pendeant.
1068 2032 1211 2084 Quid?
1245 2033 1421 2088 signum
1443 2032 1629 2089 Delphis
1659 2033 1865 2085 stetisset,

173 2116 260 2158 quo
301 2102 473 2144 Latona
520 2103 672 2145 ambos
717 2103 879 2146 liberos
927 2105 1111 2159 portans
1151 2106 1582 2159 repraesentaretur,
1628 2103 1866 2146 Clearchus

173 2172 249 2228 qui
280 2172 386 2215 illud
417 2172 616 2225 vidisset,
650 2174 858 2229 pictores,
891 2173 1105 2216 incisores
1139 2173 1214 2230 qui
1247 2175 1302 2216 ad
1334 2173 1448 2216 illius
1481 2175 1734 2230 exemplum
1768 2188 1866 2217 vas—

173 2244 272 2285 cula
308 2243 562 2299 pinxissent
606 2258 812 2287 nummos
859 2244 1165 2296 excudissent,
1221 2259 1358 2287 unum
1406 2244 1657 2301 Apollinem
1704 2244 1866 2287 descri-

172 2313 365 2370 psissent
383 2313 696 2357 effinxissent‘?
718 2314 881 2371 Atque,
905 2318 953 2357 ut
981 2316 1224 2358 concedam
1246 2316 1331 2358 hoc
1353 2315 1451 2358 fieri
1472 2315 1683 2371 potuisse,
1708 2315 1867 2371 quihus

173 2384 446 2439 argumentis
478 2384 581 2428 freti
612 2385 656 2427 id
683 2384 993 2428 contendimus
1021 2386 1139 2441 quod
1164 2385 1248 2427 iam
1278 2385 1570 2428 demonstrari
1592 2400 1683 2428 non
1706 2388 1865 2442 potest,

171 2455 266 2498 illas
299 2458 469 2498 statuas
500 2455 597 2498 illos
628 2470 833 2498 nummos
862 2471 886 2498 a
914 2456 1041 2512 signo
1067 2459 1160 2498 tam
1192 2456 1389 2498 dissimili
1420 2456 1725 2499 necessario
1758 2471 1866 2512 pen-

173 2526 304 2568 dere‘?
366 2527 463 2582 Ego
502 2540 608 2570 vero
650 2526 695 2568 in
743 2527 1009 2569 contrariam
1057 2541 1237 2582 prorsus
1285 2527 1541 2583 opinionem
1587 2526 1770 2578 inclino,
1818 2529 1867 2568 ut

173 2596 351 2640 credam
390 2599 434 2639 et
471 2611 676 2639 nummos
717 2600 761 2640 et
799 2600 992 2639 statuam
1031 2598 1086 2639 ad
1125 2597 1378 2653 exemplum
1420 2597 1565 2653 operis
1608 2597 1867 2639 nobilissimi

173 2665 326 2709 efficta
369 2681 480 2719 esse,
527 2669 646 2724 quod
676 2668 844 2724 Ephesi
891 2668 937 2710 in
977 2668 1142 2723 templo
1175 2667 1350 2711 Dianae
1390 2667 1565 2721 fuisset3
1613 2668 1731 2724 quod
1775 2667 1864 2709 scio

173 2737 467 2780 demonstrari
492 2753 583 2781 non
610 2753 755 2795 posse,
789 2739 867 2781 sed
893 2738 995 2781 inde
1023 2739 1244 2781 contendo
1268 2738 1473 2781 facillime
1496 2738 1718 2794 explicari,
1748 2738 1866 2794 quod

173 2808 328 2850 eadem
361 2809 621 2865 compositio
656 2823 822 2852 excusa
854 2812 921 2852 est
953 2808 999 2850 in
1028 2808 1220 2850 nummis
1251 2809 1481 2852 civitatum
1509 2808 1641 2851 Asiae
1668 2808 1864 2861 Minoris,

290 2915 315 2959 l)
342 2915 525 2958 Imagines
550 2918 696 2958 praesto
723 2919 808 2949 sunt
832 2916 870 2948 in
896 2914 1070 2949 Roscheri
1095 2913 1210 2948 lexico
1235 2914 1291 2948 ΠΙ
1311 2915 1403 2948 340ss
1414 2924 1488 2956 sqq.

290 2973 318 3018 2)
344 2973 499 3016 Apollon
524 2974 780 3017 Pythoktonos
806 2974 966 3017 (Lipsiae
995 2973 1110 3016 1879),
1138 2973 1183 3007 76
1194 2983 1267 3016 sqq.

292 3032 318 3077 ⁸)
345 3032 527 3076 Festgruss
560 3043 625 3067 aus
650 3033 853 3067 Innsbruck
887 3043 933 3066 an
965 3032 1021 3066 die
1052 3032 1165 3066 XLII.
1191 3032 1685 3076 Philologcnversammlung,
1714 3032 1865 3074 1535qq.
