2180 3482
817 237 871 272 De
895 248 953 272 vv.
972 238 1111 272 85—91
1755 241 1810 281 65

125 346 169 388 in
202 343 411 388 vaticinio
445 343 517 385 illo
550 342 820 385 nobilissimo
855 343 909 385 de
940 342 1102 385 Messia
1132 343 1198 385 XI
1221 345 1245 385 5
1284 347 1359 386 καὶ
1391 345 1514 386 ἔσται
1553 344 1811 400 δικαιοσύνῃ

125 417 380 470 ἐζωσμένος
410 417 492 470 τὴν
525 414 667 469 ὀσφὺν
701 417 838 456 αὐτοῦ
871 417 946 456 καὶ
984 414 1178 471 ἀληθείᾳ
1216 416 1449 470 εἱλημένος
1486 416 1564 466 τὰς
1601 416 1810 471 πλευράς.

121 485 292 528 Pariter
313 484 472 526 milites
495 483 682 526 Theraei
706 484 869 526 bellum
891 483 1051 525 lumbis
1075 483 1470 536 circumdederant,
1504 485 1675 526 lumbos
1698 485 1812 527 hello

122 556 367 599 cinxerant.
403 580 456 585 -—
490 554 542 598 87
578 555 774 608 τέθμιος,
818 557 865 595 ut
898 553 994 609 ipsa
1027 568 1233 596 sonorum
1267 554 1438 597 ratione
1471 555 1811 607 demonstratur,

122 640 209 670 vox
244 624 477 667 Pindarica
509 627 573 667 est
609 624 678 678 (N.
713 624 778 666 XI
806 626 874 676 27,
907 625 939 666 I.
974 625 1034 667 VI
1067 626 1156 679 28),
1192 640 1278 681 qua
1311 624 1605 668 Callimachus
1639 625 1813 680 saepius

121 710 227 738 usus
269 698 348 747 est,
391 698 567 750 praeter
608 695 727 736 hunc
767 694 914 736 locum
956 695 996 736 h.
1036 695 1081 736 in
1119 695 1248 737 Dian.
1279 711 1320 738 v.
1356 698 1449 747 174,
1489 694 1539 736 fr.
1575 698 1656 737 110
1694 710 1734 738 v.
1767 698 1812 747 23

122 765 286 822 pariter
325 764 506 807 nomine
547 766 714 818 τεθμός
757 765 823 815 (tr.
854 767 933 807 1οὸ
979 781 1019 808 v.
1045 768 1101 817 2).
1176 765 1260 807 Hic
1304 768 1452 808 autem
1493 779 1670 820 prorsus
1708 765 1812 808 item

122 836 176 879 de
212 835 326 878 festo
369 835 571 878 sollemni
602 838 841 891 usurpatur
873 838 1007 891 atque
1040 850 1065 877 a
1097 836 1287 878 Pindaro
1315 836 1581 878 Nemeorum
1614 836 1710 878 loco
1742 836 1814 878 illo

124 920 255 963 quem
288 905 514 948 attulimus
547 906 854 962 πενταετηρίδ’
889 908 1050 962 ἑορτὰν
1082 906 1332 963 “Ηρακλέος
1364 908 1563 959 τέθμιον.
1607 933 1657 936 —
1691 907 1815 963 Καρ-

122 978 296 1029 νειάόες
334 979 446 1032 ὧραι
478 976 539 1018 ita
571 979 873 1032 comparatum
910 979 976 1018 est
1008 979 1054 1017 ut
1089 976 1193 1018 illud
1226 979 1386 1032 poetae
1419 976 1627 1032 aequalis,
1673 978 1814 1019 Theo-

123 1047 220 1090 criti
245 1047 327 1089 VII
350 1049 401 1089 31
442 1050 469 1089 ἁ
502 1047 538 1090 δ’
575 1048 676 1099 ὁὸὸς
708 1048 787 1089 ἅὸε
818 1048 1054 1099 θαλυσιάς.
1107 1047 1268 1103 Atque,
1303 1061 1453 1089 nonne
1484 1048 1712 1103 Καρνεῖαι
1738 1061 1815 1089 seu

124 1118 403 1174 Καρνειάὸες
427 1131 528 1159 cum
562 1119 675 1173 ὧραι
706 1131 798 1158 non
829 1116 924 1172 ipse
949 1116 1244 1159 Callimachus
1276 1117 1471 1160 iunxerit
1503 1118 1581 1160 sed
1614 1131 1637 1160 e
1670 1132 1815 1160 sacro-

123 1202 219 1230 rum
254 1187 576 1230 consuetudine
603 1187 719 1229 illam
743 1189 1010 1229 structuram
1038 1187 1374 1243 deprompserit,
1400 1202 1487 1244 qua
1509 1188 1659 1231 nescio
1684 1202 1816 1244 quem

123 1257 354 1313 religiosae
395 1257 631 1300 vetustatis
677 1257 810 1299 situm
858 1257 961 1300 huic
1006 1257 1189 1300 carmini
1230 1258 1475 1311 induceret,
1534 1259 1606 1301 diu
1652 1273 1816 1315 anceps

125 1327 340 1371 dubitavi.
405 1328 550 1383 Saepe
592 1328 708 1370 enim
752 1320 945 1371 Coorum
986 1327 1029 1369 in
1073 1328 1197 1370 fastis
1240 1332 1312 1383 (38
1350 1330 1444 1371 Pat.
1486 1350 1539 1365 =
1580 1330 1686 1385 Syll.
1717 1333 1815 1383 617,

129 1414 202 1442 vv.
224 1401 288 1440 11.
310 1401 373 1440 15.
391 1400 464 1452 22)
486 1400 536 1440 τὸ
562 1402 722 1454 ἅτερον
755 1400 850 1452 ἔτος
883 1398 951 1454 ἐφ’
987 1401 1038 1441 οὗ
1071 1415 1126 1442 κα
1160 1401 1290 1442 ἔωντι
1312 1402 1547 1456 Καρνεῖαι,
1580 1415 1670 1443 non
1694 1403 1815 1458 Καρ-

125 1475 236 1520 νεῖα,
284 1469 492 1524 legimus3
542 1469 800 1524 intellegere
833 1468 951 1511 enim
982 1468 1085 1512 licet
1118 1469 1291 1512 Carnea
1322 1470 1452 1513 tertio
1487 1485 1665 1527 quoquo
1699 1486 1816 1514 anno

125 1553 222 1583 esse
255 1539 491 1591 celebrata,
531 1539 805 1582 Carneorum
836 1542 1013 1594 tempus
1046 1539 1176 1582 tertio
1211 1555 1387 1597 quoquo
1421 1556 1552 1593 anno,
1586 1556 1676 1584 non
1710 1556 1816 1598 quo-

124 1610 271 1652 tannis
319 1609 571 1653 recurrisse.
643 1610 702 1652 At
750 1611 874 1662 haec,
924 1612 1080 1666 utpote
1129 1626 1243 1667 quae
1285 1626 1464 1667 prorsus
1504 1612 1675 1655 incerta
1715 1604 1852 1665 sint,x

124 1695 215 1723 non
252 1693 417 1736 premo.
487 1681 646 1723 Nescio
690 1680 822 1724 etiam
856 1695 912 1723 an
944 1681 1050 1723 illud
1083 1682 1358 1738 euripideum
1389 1682 1483 1725 Alc.
1512 1685 1599 1725 449
1631 1686 1821 1741 Σπάρτᾳ

125 1753 286 1805 κύκλος
324 1755 458 1794 ἁνίκα
490 1753 719 1808 Καρνείου
759 1757 1059 1809 περινίσσεται
1099 1757 1218 1809 ὥρας
1254 1756 1409 1809 μηνός,
1458 1753 1534 1795 ubi
1576 1754 1683 1796 illud
1728 1758 1822 1812 ὥρα

127 1821 254 1878 quasi
306 1822 540 1874 redundat,
596 1823 751 1865 eodem
802 1826 988 1879 spectet,
1046 1823 1279 1880 Euripides
1336 1823 1544 1867 videlicet
1593 1824 1688 1880 ipse
1738 1826 1822 1867 sol-

125 1893 317 1936 lemnem
354 1891 589 1935 formulam
629 1896 808 1935 secutus
848 1893 915 1935 sit.
979 1894 1037 1935 At
1074 1893 1171 1936 fieri
1209 1894 1406 1950 potuisse
1446 1897 1494 1937 ut
1529 1895 1824 1938 Callimachus

127 1962 351 2019 Euripidis
383 1963 582 2018 vestigiis
615 1963 852 2016 insisteret,
887 1965 1097 2007 concedo.

247 2033 301 2077 88
334 2036 480 2090 πηγὰς
507 2035 662 2090 Κύρης
685 2033 982 2077 Callimachus
1016 2049 1116 2077 cum
1139 2038 1456 2079 commemoret
1478 2039 1528 2078 ut
1551 2036 1826 2092 Cyrenarum

128 2103 274 2146 locum
309 2103 546 2159 significet,
579 2104 747 2146 indicat
780 2119 826 2148 se
860 2104 1137 2160 Cyrenarum
1169 2120 1334 2148 nomen
1367 2107 1421 2148 ab
1454 2106 1525 2149 illo
1558 2106 1682 2150 fonte
1715 2107 1826 2150 deri-

130 2187 247 2216 vare.
311 2174 434 2216 Idem
479 2174 649 2217 fecerat
688 2175 923 2217 Pindarus:
971 2190 1075 2218 nam
1116 2191 1215 2218 cum
1253 2176 1348 2232 ipse
1385 2177 1649 2233 Damophilo
1689 2180 1826 2233 optat,

131 2246 180 2286 ut
218 2244 257 2287 ei
294 2243 425 2287 liceat
457 2246 636 2288 domum
676 2246 842 2289 reverti
881 2246 950 2289 ἐπ’
984 2248 1280 2300 Ἀπόλλωνός
1317 2263 1364 2290 τε
1401 2251 1546 2305 κράνᾳ
1579 2253 1830 2302 συμποσίας

134 2315 322 2371 ἐφέπειν
347 2315 409 2366 (P.
434 2316 494 2358 IV
519 2318 636 2370 294),
658 2316 894 2359 verisimile
918 2321 984 2360 est
1007 2316 1127 2359 iHum
1154 2319 1208 2360 de
1227 2317 1373 2372 Cyrae
1394 2318 1574 2361 nomine
1597 2319 1829 2374 cogitasse.

138 2384 324 2428 Accedit
350 2386 469 2441 quod
489 2386 706 2442 Apollinis
732 2387 961 2443 templum,
996 2387 1040 2429 in
1065 2402 1151 2443 quo
1179 2387 1346 2430 scilicet
1369 2388 1543 2431 Carnea
1570 2389 1829 2444 agebantur,

136 2469 278 2511 prope
316 2455 488 2499 fontem
521 2457 715 2513 positum
755 2461 851 2500 erat
865 2458 909 2513 1).
971 2457 1267 2500 Callimachus
1308 2458 1443 2514 igitur
1483 2459 1595 2501 haec
1634 2459 1727 2502 fere
1766 2459 1831 2501 in-

134 2526 285 2581 tellegi
324 2527 438 2570 vult:
490 2527 636 2580 „Aziri
674 2528 861 2571 Theraei
900 2528 1073 2571 Carnea
1111 2528 1252 2584 prima
1290 2529 1590 2582 celebrarunt;
1635 2530 1833 2572 nondum

137 2596 256 2639 enim
287 2597 451 2640 licebat
481 2597 596 2640 fonti
634 2598 1006 2655 appropinquare,
1048 2599 1103 2640 ad
1143 2613 1276 2655 quem
1308 2614 1429 2642 nunc
1461 2600 1723 2655 congregati
1761 2614 1831 2641 su-

136 2671 276 2710 mus“.
311 2692 366 2698 —-
393 2668 673 2711 Vocabulum
704 2671 835 2726 Κύρη
869 2670 924 2711 ad
955 2669 1198 2711 Herodiani
1231 2669 1478 2712 doctrinam
1515 2671 1831 2727 παροξυτονεῑ-

137 2753 230 2780 ται;
263 2737 520 2781 testimonia
552 2739 777 2794 congessit
810 2739 1055 2782 Schneider
1088 2740 1142 2781 ad
1174 2740 1295 2782 hunc
1326 2740 1490 2793 locum3
1526 2743 1570 2782 at
1601 2740 1833 2782 fatendum

138 2806 258 2850 illum
291 2810 536 2851 secundum
569 2824 787 2853 canonem
809 2811 894 2852 hoc
920 2810 1187 2853 vocabulum
1209 2813 1399 2852 accentu
1422 2810 1717 2865 insignivisse‚
1742 2824 1834 2853 non

140 2878 550 2933 pronuntiationem
583 2880 858 2924 observasse.
886 2906 937 2911 —
963 2879 1013 2923 91
1052 2880 1195 2932 Quem
1220 2880 1367 2923 locum
1391 2880 1688 2923 Callimachus
1710 2883 1836 2938 Μυρ-

259 3031 286 3076 1)
313 3031 383 3066 Cir.
410 3032 448 3065 in
473 3033 682 3075 praesentia.
706 3032 857 3068 Malten.
886 3033 966 3066 204.

214 3099 377 3135 pasquali,
397 3100 611 3134 Quaestiones
631 3101 877 3130 Callimacheae.
1604 3093 1625 3126 5
