<?xml version="1.0" encoding="UTF-8"?>
<!DOCTYPE html PUBLIC "-//W3C//DTD XHTML 1.0 Transitional//EN"
    "http://www.w3.org/TR/xhtml1/DTD/xhtml1-transitional.dtd">
<html xmlns="http://www.w3.org/1999/xhtml" xml:lang="en" lang="en">
 <head>
  <title>
</title>
<meta http-equiv="Content-Type" content="text/html;charset=utf-8" />
  <meta name='ocr-system' content='tesseract 3.04.00' />
  <meta name='ocr-capabilities' content='ocr_page ocr_carea ocr_par ocr_line ocrx_word'/>
</head>
<body>
  <div class='ocr_page' id='page_1' title='image "./quaestionescalli00pasquoft_0099.png"; bbox 0 0 2180 3482; ppageno 0'>
   <div class='ocr_carea' id='block_1_1' title="bbox 786 241 1794 280">
    <p class='ocr_par' dir='ltr' id='par_1_1' title="bbox 786 241 1794 280">
     <span class='ocr_line' id='line_1_1' title="bbox 786 241 1794 280; baseline -0.002 -6"><span class='ocrx_word' id='word_1_1' title='bbox 786 242 838 274; x_wconf 88' lang='lat' dir='ltr'>De</span> <span class='ocrx_word' id='word_1_2' title='bbox 864 252 920 275; x_wconf 88' lang='lat' dir='ltr'>vv.</span> <span class='ocrx_word' id='word_1_3' title='bbox 944 241 1127 274; x_wconf 72' lang='lat' dir='ltr'>ilo—112</span> <span class='ocrx_word' id='word_1_4' title='bbox 1744 241 1794 280; x_wconf 80' lang='grc'>91</span> 
     </span>
    </p>
   </div>
   <div class='ocr_carea' id='block_1_2' title="bbox 109 345 1806 2865">
    <p class='ocr_par' dir='ltr' id='par_1_2' title="bbox 111 345 1803 894">
     <span class='ocr_line' id='line_1_2' title="bbox 112 345 1798 401; baseline -0.004 -9"><span class='ocrx_word' id='word_1_5' title='bbox 112 352 400 392; x_wconf 78' lang='lat' dir='ltr'>vescerentur</span> <span class='ocrx_word' id='word_1_6' title='bbox 422 346 505 388; x_wconf 90' lang='lat' dir='ltr'>nisi</span> <span class='ocrx_word' id='word_1_7' title='bbox 527 346 685 388; x_wconf 83' lang='lat' dir='ltr'>florum</span> <span class='ocrx_word' id='word_1_8' title='bbox 710 360 827 387; x_wconf 88' lang='lat' dir='ltr'>suco.</span> <span class='ocrx_word' id='word_1_9' title='bbox 882 346 939 388; x_wconf 92' lang='lat' dir='ltr'>Ut</span> <span class='ocrx_word' id='word_1_10' title='bbox 965 345 1197 401; x_wconf 72' lang='lat' dir='ltr'>Euripides</span> <span class='ocrx_word' id='word_1_11' title='bbox 1221 345 1511 400; x_wconf 72' lang='lat' dir='ltr'>Hippolytum</span> <span class='ocrx_word' id='word_1_12' title='bbox 1537 346 1596 398; x_wconf 89' lang='lat' dir='ltr'>(v.</span> <span class='ocrx_word' id='word_1_13' title='bbox 1617 346 1671 385; x_wconf 84' lang='grc'>75</span> <span class='ocrx_word' id='word_1_14' title='bbox 1685 346 1798 399; x_wconf 86' lang='lat' dir='ltr'>sqq.)</span> 
     </span>
     <span class='ocr_line' id='line_1_3' title="bbox 112 414 1802 471; baseline -0.003 -10"><span class='ocrx_word' id='word_1_15' title='bbox 112 433 318 462; x_wconf 86' lang='lat' dir='ltr'>coronam</span> <span class='ocrx_word' id='word_1_16' title='bbox 360 417 532 459; x_wconf 87' lang='lat' dir='ltr'>Dianae</span> <span class='ocrx_word' id='word_1_17' title='bbox 573 416 785 458; x_wconf 85' lang='lat' dir='ltr'>obtulisse</span> <span class='ocrx_word' id='word_1_18' title='bbox 823 415 928 458; x_wconf 81' lang='lat' dir='ltr'>fecit</span> <span class='ocrx_word' id='word_1_19' title='bbox 964 429 987 458; x_wconf 95' lang='lat' dir='ltr'>e</span> <span class='ocrx_word' id='word_1_20' title='bbox 1019 418 1160 471; x_wconf 87' lang='lat' dir='ltr'>prato,</span> <span class='ocrx_word' id='word_1_21' title='bbox 1200 416 1297 459; x_wconf 77' lang='grc' dir='ltr'>ἔνθ’</span> <span class='ocrx_word' id='word_1_22' title='bbox 1333 419 1431 458; x_wconf 82' lang='grc' dir='ltr'><em>οὔτε</em></span> <span class='ocrx_word' id='word_1_23' title='bbox 1474 418 1642 470; x_wconf 67' lang='grc' dir='ltr'><em>ποιμὴν</em></span> <span class='ocrx_word' id='word_1_24' title='bbox 1683 414 1802 467; x_wconf 75' lang='grc' dir='ltr'><em>ἀξιοῖ</em></span> 
     </span>
     <span class='ocr_line' id='line_1_4' title="bbox 114 485 1801 544; baseline -0.003 -13"><span class='ocrx_word' id='word_1_25' title='bbox 114 491 297 544; x_wconf 80' lang='grc' dir='ltr'><em>φέρβειν</em></span> <span class='ocrx_word' id='word_1_26' title='bbox 328 490 435 544; x_wconf 79' lang='grc' dir='ltr'><em>βοτὰ</em></span> <span class='ocrx_word' id='word_1_27' title='bbox 466 486 553 530; x_wconf 74' lang='grc' dir='ltr'>οὔτ’</span> <span class='ocrx_word' id='word_1_28' title='bbox 584 488 697 541; x_wconf 71' lang='grc' dir='ltr'><em>ἦλθέ</em></span> <span class='ocrx_word' id='word_1_29' title='bbox 720 503 791 529; x_wconf 81' lang='grc' dir='ltr'>πω</span> <span class='ocrx_word' id='word_1_30' title='bbox 817 487 1006 542; x_wconf 82' lang='grc' dir='ltr'><em>σίδαρος,</em></span> <span class='ocrx_word' id='word_1_31' title='bbox 1039 486 1134 528; x_wconf 80' lang='grc' dir='ltr'><em>ἀλλ’</em></span> <span class='ocrx_word' id='word_1_32' title='bbox 1164 488 1388 542; x_wconf 71' lang='grc' dir='ltr'><em>ἀκήρατον</em></span> <span class='ocrx_word' id='word_1_33' title='bbox 1410 487 1596 539; x_wconf 80' lang='grc' dir='ltr'><strong><em>μέλισσα</em></strong></span> <span class='ocrx_word' id='word_1_34' title='bbox 1619 485 1801 538; x_wconf 83' lang='grc' dir='ltr'><em>λειμῶν’</em></span> 
     </span>
     <span class='ocr_line' id='line_1_5' title="bbox 115 553 1802 615; baseline -0.004 -14"><span class='ocrx_word' id='word_1_35' title='bbox 115 561 243 615; x_wconf 74' lang='grc' dir='ltr'><em>ι’]ρινη</em></span> <span class='ocrx_word' id='word_1_36' title='bbox 277 560 504 614; x_wconf 84' lang='grc' dir='ltr'><em>διέρχεται,</em></span> <span class='ocrx_word' id='word_1_37' title='bbox 554 558 703 610; x_wconf 78' lang='grc' dir='ltr'><em>Αἰδὼς</em></span> <span class='ocrx_word' id='word_1_38' title='bbox 745 558 792 599; x_wconf 84' lang='grc' dir='ltr'>δὲ</span> <span class='ocrx_word' id='word_1_39' title='bbox 831 560 1089 609; x_wconf 81' lang='grc' dir='ltr'><em>ποταμίαισι</em></span> <span class='ocrx_word' id='word_1_40' title='bbox 1122 560 1303 612; x_wconf 79' lang='grc' dir='ltr'><em>κηπεύει</em></span> <span class='ocrx_word' id='word_1_41' title='bbox 1343 557 1528 612; x_wconf 82' lang='grc' dir='ltr'><em>δρόσοις.</em></span> <span class='ocrx_word' id='word_1_42' title='bbox 1593 553 1802 610; x_wconf 81' lang='lat' dir='ltr'>Sequitur</span> 
     </span>
     <span class='ocr_line' id='line_1_6' title="bbox 113 624 1803 684; baseline -0.004 -13"><span class='ocrx_word' id='word_1_43' title='bbox 113 643 167 672; x_wconf 84' lang='lat' dir='ltr'>ex</span> <span class='ocrx_word' id='word_1_44' title='bbox 210 629 281 671; x_wconf 91' lang='lat' dir='ltr'>illo</span> <span class='ocrx_word' id='word_1_45' title='bbox 321 631 446 684; x_wconf 83' lang='lat' dir='ltr'>prato</span> <span class='ocrx_word' id='word_1_46' title='bbox 486 626 619 669; x_wconf 88' lang='lat' dir='ltr'>flores</span> <span class='ocrx_word' id='word_1_47' title='bbox 652 626 859 681; x_wconf 81' lang='lat' dir='ltr'>colligere</span> <span class='ocrx_word' id='word_1_48' title='bbox 892 626 973 667; x_wconf 87' lang='lat' dir='ltr'>illis</span> <span class='ocrx_word' id='word_1_49' title='bbox 1005 630 1179 668; x_wconf 84' lang='lat' dir='ltr'>tantum</span> <span class='ocrx_word' id='word_1_50' title='bbox 1212 626 1356 677; x_wconf 88' lang='lat' dir='ltr'>licere,</span> <span class='ocrx_word' id='word_1_51' title='bbox 1398 625 1558 681; x_wconf 85' lang='lat' dir='ltr'>quihus</span> <span class='ocrx_word' id='word_1_52' title='bbox 1590 624 1803 680; x_wconf 77' lang='lat' dir='ltr'>pudicitia</span> 
     </span>
     <span class='ocr_line' id='line_1_7' title="bbox 111 695 1800 751; baseline -0.003 -11"><span class='ocrx_word' id='word_1_53' title='bbox 111 699 266 741; x_wconf 88' lang='lat' dir='ltr'>innata</span> <span class='ocrx_word' id='word_1_54' title='bbox 288 698 354 741; x_wconf 91' lang='lat' dir='ltr'>sit.</span> <span class='ocrx_word' id='word_1_55' title='bbox 398 699 522 740; x_wconf 89' lang='lat' dir='ltr'>Haec</span> <span class='ocrx_word' id='word_1_56' title='bbox 555 697 658 749; x_wconf 89' lang='lat' dir='ltr'>scio,</span> <span class='ocrx_word' id='word_1_57' title='bbox 692 700 735 739; x_wconf 90' lang='lat' dir='ltr'>at</span> <span class='ocrx_word' id='word_1_58' title='bbox 761 696 1055 739; x_wconf 74' lang='lat' dir='ltr'>Callimachus</span> <span class='ocrx_word' id='word_1_59' title='bbox 1089 711 1189 738; x_wconf 91' lang='lat' dir='ltr'>cum</span> <span class='ocrx_word' id='word_1_60' title='bbox 1223 695 1576 751; x_wconf 79' lang='lat' dir='ltr'>elegantissimus</span> <span class='ocrx_word' id='word_1_61' title='bbox 1608 698 1702 736; x_wconf 89' lang='lat' dir='ltr'>tum</span> <span class='ocrx_word' id='word_1_62' title='bbox 1735 708 1800 736; x_wconf 91' lang='lat' dir='ltr'>se-</span> 
     </span>
     <span class='ocr_line' id='line_1_8' title="bbox 113 764 1803 824; baseline -0.005 -11"><span class='ocrx_word' id='word_1_63' title='bbox 113 769 268 821; x_wconf 86' lang='lat' dir='ltr'>verior,</span> <span class='ocrx_word' id='word_1_64' title='bbox 303 768 433 811; x_wconf 88' lang='lat' dir='ltr'>etiam</span> <span class='ocrx_word' id='word_1_65' title='bbox 457 767 651 824; x_wconf 86' lang='lat' dir='ltr'>putidior</span> <span class='ocrx_word' id='word_1_66' title='bbox 673 767 750 809; x_wconf 80' lang='lat' dir='ltr'>tuit</span> <span class='ocrx_word' id='word_1_67' title='bbox 779 782 910 823; x_wconf 88' lang='lat' dir='ltr'>quam</span> <span class='ocrx_word' id='word_1_68' title='bbox 934 770 979 808; x_wconf 92' lang='lat' dir='ltr'>ut</span> <span class='ocrx_word' id='word_1_69' title='bbox 1005 781 1168 809; x_wconf 90' lang='lat' dir='ltr'>nomen</span> <span class='ocrx_word' id='word_1_70' title='bbox 1193 767 1471 809; x_wconf 77' lang='lat' dir='ltr'>sacerdotum</span> <span class='ocrx_word' id='word_1_71' title='bbox 1504 766 1559 808; x_wconf 89' lang='lat' dir='ltr'>de</span> <span class='ocrx_word' id='word_1_72' title='bbox 1591 764 1803 819; x_wconf 83' lang='lat' dir='ltr'>religione</span> 
     </span>
     <span class='ocr_line' id='line_1_9' title="bbox 111 838 752 894; baseline -0.003 -13"><span class='ocrx_word' id='word_1_73' title='bbox 111 840 154 881; x_wconf 92' lang='lat' dir='ltr'>in</span> <span class='ocrx_word' id='word_1_74' title='bbox 188 839 443 894; x_wconf 83' lang='lat' dir='ltr'>religionem</span> <span class='ocrx_word' id='word_1_75' title='bbox 477 838 752 880; x_wconf 84' lang='lat' dir='ltr'>transferret.</span> 
     </span>
    </p>

    <p class='ocr_par' dir='ltr' id='par_1_3' title="bbox 109 906 1804 1669">
     <span class='ocr_line' id='line_1_10' title="bbox 229 906 1802 963; baseline -0.003 -12"><span class='ocrx_word' id='word_1_76' title='bbox 229 909 445 952; x_wconf 78' lang='lat' dir='ltr'>Conicere</span> <span class='ocrx_word' id='word_1_77' title='bbox 493 908 681 950; x_wconf 85' lang='lat' dir='ltr'>fortasse</span> <span class='ocrx_word' id='word_1_78' title='bbox 729 907 831 950; x_wconf 88' lang='lat' dir='ltr'>licet</span> <span class='ocrx_word' id='word_1_79' title='bbox 879 907 1219 963; x_wconf 77' lang='lat' dir='ltr'>descriptionem</span> <span class='ocrx_word' id='word_1_80' title='bbox 1270 907 1386 949; x_wconf 86' lang='lat' dir='ltr'>illam</span> <span class='ocrx_word' id='word_1_81' title='bbox 1430 921 1521 948; x_wconf 91' lang='lat' dir='ltr'>non</span> <span class='ocrx_word' id='word_1_82' title='bbox 1569 906 1612 947; x_wconf 92' lang='lat' dir='ltr'>in</span> <span class='ocrx_word' id='word_1_83' title='bbox 1656 919 1802 947; x_wconf 88' lang='lat' dir='ltr'>caere-</span> 
     </span>
     <span class='ocr_line' id='line_1_11' title="bbox 112 975 1803 1031; baseline -0.003 -9"><span class='ocrx_word' id='word_1_84' title='bbox 112 979 281 1022; x_wconf 87' lang='lat' dir='ltr'>monias</span> <span class='ocrx_word' id='word_1_85' title='bbox 325 978 651 1022; x_wconf 87' lang='lat' dir='ltr'>Eleusiniorum</span> <span class='ocrx_word' id='word_1_86' title='bbox 700 977 934 1020; x_wconf 85' lang='lat' dir='ltr'>atticorum</span> <span class='ocrx_word' id='word_1_87' title='bbox 984 978 1154 1029; x_wconf 87' lang='lat' dir='ltr'>cadere,</span> <span class='ocrx_word' id='word_1_88' title='bbox 1205 978 1281 1020; x_wconf 89' lang='lat' dir='ltr'>sed</span> <span class='ocrx_word' id='word_1_89' title='bbox 1332 977 1376 1018; x_wconf 93' lang='lat' dir='ltr'>in</span> <span class='ocrx_word' id='word_1_90' title='bbox 1428 975 1640 1031; x_wconf 76' lang='lat' dir='ltr'>mysteria</span> <span class='ocrx_word' id='word_1_91' title='bbox 1690 989 1803 1031; x_wconf 89' lang='lat' dir='ltr'>quae</span> 
     </span>
     <span class='ocr_line' id='line_1_12' title="bbox 110 1045 1804 1105; baseline -0.002 -14"><span class='ocrx_word' id='word_1_92' title='bbox 110 1051 181 1092; x_wconf 88' lang='lat' dir='ltr'>illa</span> <span class='ocrx_word' id='word_1_93' title='bbox 219 1052 365 1093; x_wconf 85' lang='lat' dir='ltr'>aetate</span> <span class='ocrx_word' id='word_1_94' title='bbox 404 1050 449 1091; x_wconf 94' lang='lat' dir='ltr'>in</span> <span class='ocrx_word' id='word_1_95' title='bbox 486 1064 601 1105; x_wconf 88' lang='lat' dir='ltr'>pago</span> <span class='ocrx_word' id='word_1_96' title='bbox 643 1048 908 1104; x_wconf 85' lang='lat' dir='ltr'>cognomine</span> <span class='ocrx_word' id='word_1_97' title='bbox 947 1047 1234 1089; x_wconf 85' lang='lat' dir='ltr'>alexandrino</span> <span class='ocrx_word' id='word_1_98' title='bbox 1267 1047 1418 1089; x_wconf 86' lang='lat' dir='ltr'>habita</span> <span class='ocrx_word' id='word_1_99' title='bbox 1450 1046 1551 1098; x_wconf 89' lang='lat' dir='ltr'>sint,</span> <span class='ocrx_word' id='word_1_100' title='bbox 1594 1045 1669 1087; x_wconf 91' lang='lat' dir='ltr'>ubi</span> <span class='ocrx_word' id='word_1_101' title='bbox 1709 1045 1804 1101; x_wconf 86' lang='lat' dir='ltr'>ipse</span> 
     </span>
     <span class='ocr_line' id='line_1_13' title="bbox 111 1116 1804 1174; baseline -0.003 -12"><span class='ocrx_word' id='word_1_102' title='bbox 111 1120 405 1163; x_wconf 81' lang='lat' dir='ltr'>Callimachus</span> <span class='ocrx_word' id='word_1_103' title='bbox 454 1120 715 1161; x_wconf 83' lang='lat' dir='ltr'>adulescens</span> <span class='ocrx_word' id='word_1_104' title='bbox 762 1132 924 1174; x_wconf 89' lang='lat' dir='ltr'>pueros</span> <span class='ocrx_word' id='word_1_105' title='bbox 970 1117 1139 1159; x_wconf 84' lang='lat' dir='ltr'>litteras</span> <span class='ocrx_word' id='word_1_106' title='bbox 1191 1118 1399 1159; x_wconf 87' lang='lat' dir='ltr'>docuerat</span> <span class='ocrx_word' id='word_1_107' title='bbox 1418 1117 1459 1170; x_wconf 88' lang='lat'>¹).</span> <span class='ocrx_word' id='word_1_108' title='bbox 1540 1116 1690 1158; x_wconf 86' lang='lat' dir='ltr'>Simile</span> <span class='ocrx_word' id='word_1_109' title='bbox 1737 1118 1804 1158; x_wconf 90' lang='lat' dir='ltr'>est</span> 
     </span>
     <span class='ocr_line' id='line_1_14' title="bbox 110 1185 1804 1247; baseline -0.002 -15"><span class='ocrx_word' id='word_1_110' title='bbox 110 1191 228 1247; x_wconf 89' lang='lat' dir='ltr'>quod</span> <span class='ocrx_word' id='word_1_111' title='bbox 265 1191 431 1244; x_wconf 79' lang='lat' dir='ltr'>hymno</span> <span class='ocrx_word' id='word_1_112' title='bbox 473 1193 598 1232; x_wconf 87' lang='lat' dir='ltr'>sexto</span> <span class='ocrx_word' id='word_1_113' title='bbox 640 1203 765 1231; x_wconf 88' lang='lat' dir='ltr'>sacra</span> <span class='ocrx_word' id='word_1_114' title='bbox 803 1188 1117 1231; x_wconf 86' lang='lat' dir='ltr'>describuntur</span> <span class='ocrx_word' id='word_1_115' title='bbox 1150 1201 1291 1243; x_wconf 89' lang='lat' dir='ltr'>eaque</span> <span class='ocrx_word' id='word_1_116' title='bbox 1324 1187 1513 1242; x_wconf 67' lang='lat' dir='ltr'>mystica</span> <span class='ocrx_word' id='word_1_117' title='bbox 1546 1186 1719 1230; x_wconf 89' lang='lat' dir='ltr'>Cereris</span> <span class='ocrx_word' id='word_1_118' title='bbox 1759 1185 1804 1228; x_wconf 83' lang='lat' dir='ltr'>in</span> 
     </span>
     <span class='ocr_line' id='line_1_15' title="bbox 110 1257 1803 1304; baseline -0.003 -1"><span class='ocrx_word' id='word_1_119' title='bbox 110 1261 325 1304; x_wconf 87' lang='lat' dir='ltr'>honorem</span> <span class='ocrx_word' id='word_1_120' title='bbox 358 1275 447 1302; x_wconf 92' lang='lat' dir='ltr'>non</span> <span class='ocrx_word' id='word_1_121' title='bbox 480 1259 525 1301; x_wconf 91' lang='lat' dir='ltr'>in</span> <span class='ocrx_word' id='word_1_122' title='bbox 548 1259 696 1301; x_wconf 76' lang='lat' dir='ltr'>Attica</span> <span class='ocrx_word' id='word_1_123' title='bbox 719 1260 796 1301; x_wconf 88' lang='lat' dir='ltr'>sed</span> <span class='ocrx_word' id='word_1_124' title='bbox 818 1258 1114 1301; x_wconf 80' lang='lat' dir='ltr'>Alexandriae</span> <span class='ocrx_word' id='word_1_125' title='bbox 1146 1258 1276 1300; x_wconf 84' lang='lat' dir='ltr'>facta.</span> <span class='ocrx_word' id='word_1_126' title='bbox 1335 1257 1505 1300; x_wconf 85' lang='lat' dir='ltr'>Pariter</span> <span class='ocrx_word' id='word_1_127' title='bbox 1528 1257 1803 1300; x_wconf 85' lang='lat' dir='ltr'>Clementem</span> 
     </span>
     <span class='ocr_line' id='line_1_16' title="bbox 109 1327 1803 1384; baseline -0.003 -11"><span class='ocrx_word' id='word_1_128' title='bbox 109 1331 459 1374; x_wconf 84' lang='lat' dir='ltr'>Alexandrinum</span> <span class='ocrx_word' id='word_1_129' title='bbox 501 1330 833 1373; x_wconf 80' lang='lat' dir='ltr'>alexandrinam</span> <span class='ocrx_word' id='word_1_130' title='bbox 879 1328 1150 1384; x_wconf 87' lang='lat' dir='ltr'>religionem,</span> <span class='ocrx_word' id='word_1_131' title='bbox 1201 1343 1292 1370; x_wconf 93' lang='lat' dir='ltr'>non</span> <span class='ocrx_word' id='word_1_132' title='bbox 1332 1328 1525 1379; x_wconf 87' lang='lat' dir='ltr'>atticam,</span> <span class='ocrx_word' id='word_1_133' title='bbox 1577 1327 1659 1369; x_wconf 91' lang='lat' dir='ltr'>illis</span> <span class='ocrx_word' id='word_1_134' title='bbox 1697 1327 1803 1369; x_wconf 89' lang='lat' dir='ltr'>locis</span> 
     </span>
     <span class='ocr_line' id='line_1_17' title="bbox 111 1397 1802 1458; baseline -0.004 -14"><span class='ocrx_word' id='word_1_135' title='bbox 111 1416 222 1458; x_wconf 87' lang='lat' dir='ltr'>quos</span> <span class='ocrx_word' id='word_1_136' title='bbox 249 1401 476 1457; x_wconf 79' lang='lat' dir='ltr'>exscripsi,</span> <span class='ocrx_word' id='word_1_137' title='bbox 511 1400 760 1456; x_wconf 83' lang='lat' dir='ltr'>respexisse</span> <span class='ocrx_word' id='word_1_138' title='bbox 795 1400 900 1442; x_wconf 84' lang='lat' dir='ltr'>satis</span> <span class='ocrx_word' id='word_1_139' title='bbox 932 1399 1103 1442; x_wconf 90' lang='lat' dir='ltr'>idoneis</span> <span class='ocrx_word' id='word_1_140' title='bbox 1132 1399 1185 1441; x_wconf 93' lang='lat' dir='ltr'>de</span> <span class='ocrx_word' id='word_1_141' title='bbox 1210 1398 1353 1441; x_wconf 88' lang='lat' dir='ltr'>causis</span> <span class='ocrx_word' id='word_1_142' title='bbox 1387 1397 1603 1441; x_wconf 90' lang='lat' dir='ltr'>conclusit</span> <span class='ocrx_word' id='word_1_143' title='bbox 1626 1398 1802 1453; x_wconf 85' lang='lat' dir='ltr'>Prings-</span> 
     </span>
     <span class='ocr_line' id='line_1_18' title="bbox 109 1469 1803 1527; baseline -0.002 -14"><span class='ocrx_word' id='word_1_144' title='bbox 109 1472 225 1515; x_wconf 89' lang='lat' dir='ltr'>heim</span> <span class='ocrx_word' id='word_1_145' title='bbox 253 1474 311 1527; x_wconf 88' lang='lat' dir='ltr'>(p.</span> <span class='ocrx_word' id='word_1_146' title='bbox 337 1474 425 1526; x_wconf 81' lang='lat'>49).</span> <span class='ocrx_word' id='word_1_147' title='bbox 479 1472 545 1513; x_wconf 86' lang='lat' dir='ltr'>Ea</span> <span class='ocrx_word' id='word_1_148' title='bbox 576 1474 749 1513; x_wconf 87' lang='lat' dir='ltr'>tantum</span> <span class='ocrx_word' id='word_1_149' title='bbox 783 1472 837 1513; x_wconf 89' lang='lat' dir='ltr'>de</span> <span class='ocrx_word' id='word_1_150' title='bbox 871 1485 1005 1512; x_wconf 88' lang='lat' dir='ltr'>causa</span> <span class='ocrx_word' id='word_1_151' title='bbox 1037 1473 1207 1512; x_wconf 90' lang='lat' dir='ltr'>certum</span> <span class='ocrx_word' id='word_1_152' title='bbox 1241 1469 1405 1525; x_wconf 88' lang='lat' dir='ltr'>aliquid</span> <span class='ocrx_word' id='word_1_153' title='bbox 1429 1469 1692 1512; x_wconf 83' lang='lat' dir='ltr'>adseverare</span> <span class='ocrx_word' id='word_1_154' title='bbox 1725 1469 1803 1509; x_wconf 92' lang='lat' dir='ltr'>du-</span> 
     </span>
     <span class='ocr_line' id='line_1_19' title="bbox 110 1539 1803 1598; baseline -0.002 -14"><span class='ocrx_word' id='word_1_155' title='bbox 110 1542 215 1594; x_wconf 91' lang='lat' dir='ltr'>bito,</span> <span class='ocrx_word' id='word_1_156' title='bbox 250 1543 368 1598; x_wconf 90' lang='lat' dir='ltr'>quod</span> <span class='ocrx_word' id='word_1_157' title='bbox 389 1542 490 1584; x_wconf 80' lang='lat' dir='ltr'>fons</span> <span class='ocrx_word' id='word_1_158' title='bbox 523 1555 648 1584; x_wconf 89' lang='lat' dir='ltr'>sacer</span> <span class='ocrx_word' id='word_1_159' title='bbox 679 1541 826 1597; x_wconf 89' lang='lat' dir='ltr'>potius</span> <span class='ocrx_word' id='word_1_160' title='bbox 854 1541 899 1582; x_wconf 91' lang='lat' dir='ltr'>in</span> <span class='ocrx_word' id='word_1_161' title='bbox 921 1540 1217 1583; x_wconf 78' lang='lat' dir='ltr'>Athenienses</span> <span class='ocrx_word' id='word_1_162' title='bbox 1252 1541 1321 1583; x_wconf 85' lang='lat' dir='ltr'>vel</span> <span class='ocrx_word' id='word_1_163' title='bbox 1354 1540 1399 1581; x_wconf 89' lang='lat' dir='ltr'>in</span> <span class='ocrx_word' id='word_1_164' title='bbox 1432 1539 1662 1595; x_wconf 83' lang='lat' dir='ltr'>quospiam</span> <span class='ocrx_word' id='word_1_165' title='bbox 1697 1539 1803 1581; x_wconf 86' lang='lat' dir='ltr'>alios</span> 
     </span>
     <span class='ocr_line' id='line_1_20' title="bbox 113 1609 1675 1669; baseline -0.003 -13"><span class='ocrx_word' id='word_1_166' title='bbox 113 1613 330 1669; x_wconf 87' lang='lat' dir='ltr'>quadrare</span> <span class='ocrx_word' id='word_1_167' title='bbox 362 1613 538 1656; x_wconf 80' lang='lat' dir='ltr'>videtur</span> <span class='ocrx_word' id='word_1_168' title='bbox 571 1627 703 1668; x_wconf 88' lang='lat' dir='ltr'>quam</span> <span class='ocrx_word' id='word_1_169' title='bbox 736 1611 781 1653; x_wconf 92' lang='lat' dir='ltr'>in</span> <span class='ocrx_word' id='word_1_170' title='bbox 813 1611 1151 1663; x_wconf 80' lang='lat' dir='ltr'>Alexandrinos,</span> <span class='ocrx_word' id='word_1_171' title='bbox 1186 1610 1259 1667; x_wconf 90' lang='lat' dir='ltr'>qui</span> <span class='ocrx_word' id='word_1_172' title='bbox 1293 1610 1439 1652; x_wconf 88' lang='lat' dir='ltr'>Nilum</span> <span class='ocrx_word' id='word_1_173' title='bbox 1471 1609 1675 1652; x_wconf 86' lang='lat' dir='ltr'>biberint.</span> 
     </span>
    </p>

    <p class='ocr_par' dir='ltr' id='par_1_4' title="bbox 109 1679 1806 2865">
     <span class='ocr_line' id='line_1_21' title="bbox 230 1679 1803 1739; baseline -0.003 -13"><span class='ocrx_word' id='word_1_174' title='bbox 230 1687 309 1726; x_wconf 79' lang='grc' dir='ltr'>οὐκ</span> <span class='ocrx_word' id='word_1_175' title='bbox 349 1686 439 1726; x_wconf 80' lang='grc' dir='ltr'>ἀπὸ</span> <span class='ocrx_word' id='word_1_176' title='bbox 475 1686 644 1735; x_wconf 73' lang='grc' dir='ltr'><em>παντὸς</em></span> <span class='ocrx_word' id='word_1_177' title='bbox 682 1684 804 1739; x_wconf 80' lang='grc' dir='ltr'><em>ὕδωρ</em></span> <span class='ocrx_word' id='word_1_178' title='bbox 839 1685 1051 1739; x_wconf 82' lang='grc' dir='ltr'><em>φορέουσι</em></span> <span class='ocrx_word' id='word_1_179' title='bbox 1082 1683 1291 1735; x_wconf 79' lang='grc' dir='ltr'><em>μέλισσαι</em></span> <span class='ocrx_word' id='word_1_180' title='bbox 1326 1680 1606 1736; x_wconf 81' lang='lat' dir='ltr'>singulariter</span> <span class='ocrx_word' id='word_1_181' title='bbox 1638 1679 1803 1722; x_wconf 88' lang='lat' dir='ltr'>dictum</span> 
     </span>
     <span class='ocr_line' id='line_1_22' title="bbox 111 1750 1806 1808; baseline -0.002 -12"><span class='ocrx_word' id='word_1_182' title='bbox 111 1756 190 1806; x_wconf 91' lang='lat' dir='ltr'>est,</span> <span class='ocrx_word' id='word_1_183' title='bbox 238 1754 299 1796; x_wconf 88' lang='lat' dir='ltr'>ita</span> <span class='ocrx_word' id='word_1_184' title='bbox 336 1757 486 1796; x_wconf 88' lang='lat' dir='ltr'>tamen</span> <span class='ocrx_word' id='word_1_185' title='bbox 525 1757 573 1795; x_wconf 80' lang='lat' dir='ltr'>ut</span> <span class='ocrx_word' id='word_1_186' title='bbox 610 1756 805 1808; x_wconf 83' lang='lat' dir='ltr'>praestet</span> <span class='ocrx_word' id='word_1_187' title='bbox 843 1752 1005 1795; x_wconf 85' lang='lat' dir='ltr'>tradita</span> <span class='ocrx_word' id='word_1_188' title='bbox 1047 1752 1328 1807; x_wconf 86' lang='lat' dir='ltr'>interpretari</span> <span class='ocrx_word' id='word_1_189' title='bbox 1372 1766 1505 1807; x_wconf 84' lang='lat' dir='ltr'>quam</span> <span class='ocrx_word' id='word_1_190' title='bbox 1549 1750 1806 1794; x_wconf 88' lang='lat' dir='ltr'>coniectura</span> 
     </span>
     <span class='ocr_line' id='line_1_23' title="bbox 109 1821 1803 1880; baseline -0.003 -13"><span class='ocrx_word' id='word_1_191' title='bbox 109 1828 347 1880; x_wconf 77' lang='lat' dir='ltr'>temptare3</span> <span class='ocrx_word' id='word_1_192' title='bbox 368 1825 422 1866; x_wconf 90' lang='lat' dir='ltr'>ad</span> <span class='ocrx_word' id='word_1_193' title='bbox 440 1824 545 1866; x_wconf 91' lang='lat' dir='ltr'>illud</span> <span class='ocrx_word' id='word_1_194' title='bbox 564 1824 679 1866; x_wconf 90' lang='lat' dir='ltr'>enim</span> <span class='ocrx_word' id='word_1_195' title='bbox 699 1824 817 1879; x_wconf 90' lang='lat' dir='ltr'>quod</span> <span class='ocrx_word' id='word_1_196' title='bbox 836 1826 902 1865; x_wconf 90' lang='lat' dir='ltr'>est</span> <span class='ocrx_word' id='word_1_197' title='bbox 921 1826 1090 1875; x_wconf 81' lang='grc' dir='ltr'><em>παντός</em></span> <span class='ocrx_word' id='word_1_198' title='bbox 1108 1838 1133 1864; x_wconf 85' lang='lat' dir='ltr'>a</span> <span class='ocrx_word' id='word_1_199' title='bbox 1151 1837 1261 1865; x_wconf 88' lang='lat' dir='ltr'>voce</span> <span class='ocrx_word' id='word_1_200' title='bbox 1278 1836 1390 1878; x_wconf 88' lang='lat' dir='ltr'>quae</span> <span class='ocrx_word' id='word_1_201' title='bbox 1407 1821 1640 1864; x_wconf 82' lang='lat' dir='ltr'>confestim</span> <span class='ocrx_word' id='word_1_202' title='bbox 1659 1821 1803 1877; x_wconf 88' lang='lat' dir='ltr'>sequi-</span> 
     </span>
     <span class='ocr_line' id='line_1_24' title="bbox 111 1892 1802 1951; baseline -0.003 -14"><span class='ocrx_word' id='word_1_203' title='bbox 111 1899 181 1937; x_wconf 91' lang='lat' dir='ltr'>tur</span> <span class='ocrx_word' id='word_1_204' title='bbox 203 1897 324 1951; x_wconf 86' lang='grc' dir='ltr'><em>ὕδωρ</em></span> <span class='ocrx_word' id='word_1_205' title='bbox 349 1895 441 1938; x_wconf 86' lang='lat' dir='ltr'>sive</span> <span class='ocrx_word' id='word_1_206' title='bbox 464 1895 608 1950; x_wconf 89' lang='lat' dir='ltr'>ipsum</span> <span class='ocrx_word' id='word_1_207' title='bbox 627 1894 813 1937; x_wconf 78' lang='lat' dir='ltr'>verbum</span> <span class='ocrx_word' id='word_1_208' title='bbox 831 1896 992 1946; x_wconf 79' lang='grc' dir='ltr'><em>ὕδατος</em></span> <span class='ocrx_word' id='word_1_209' title='bbox 1005 1893 1097 1936; x_wconf 82' lang='lat' dir='ltr'>sive</span> <span class='ocrx_word' id='word_1_210' title='bbox 1109 1893 1231 1935; x_wconf 89' lang='lat' dir='ltr'>notio</span> <span class='ocrx_word' id='word_1_211' title='bbox 1245 1896 1435 1948; x_wconf 85' lang='lat' dir='ltr'>cognata</span> <span class='ocrx_word' id='word_1_212' title='bbox 1454 1892 1700 1947; x_wconf 86' lang='lat' dir='ltr'>supplenda</span> <span class='ocrx_word' id='word_1_213' title='bbox 1724 1894 1802 1933; x_wconf 91' lang='lat' dir='ltr'>est.</span> 
     </span>
     <span class='ocr_line' id='line_1_25' title="bbox 110 1963 1805 2021; baseline -0.003 -13"><span class='ocrx_word' id='word_1_214' title='bbox 110 1966 191 2008; x_wconf 90' lang='lat' dir='ltr'>Vel</span> <span class='ocrx_word' id='word_1_215' title='bbox 204 1965 452 2007; x_wconf 81' lang='lat' dir='ltr'>difficiliora</span> <span class='ocrx_word' id='word_1_216' title='bbox 469 1969 570 2007; x_wconf 91' lang='lat' dir='ltr'>sunt</span> <span class='ocrx_word' id='word_1_217' title='bbox 585 1979 699 2021; x_wconf 84' lang='lat' dir='ltr'>quae</span> <span class='ocrx_word' id='word_1_218' title='bbox 714 1967 937 2007; x_wconf 88' lang='lat' dir='ltr'>secuntur.</span> <span class='ocrx_word' id='word_1_219' title='bbox 958 1964 1185 2006; x_wconf 86' lang='lat' dir='ltr'>Vahlenus</span> <span class='ocrx_word' id='word_1_220' title='bbox 1201 1968 1317 2006; x_wconf 89' lang='lat' dir='ltr'>enim</span> <span class='ocrx_word' id='word_1_221' title='bbox 1333 1967 1390 2018; x_wconf 88' lang='lat' dir='ltr'>(p.</span> <span class='ocrx_word' id='word_1_222' title='bbox 1402 1965 1487 2005; x_wconf 77' lang='lat'>826</span> <span class='ocrx_word' id='word_1_223' title='bbox 1500 1963 1600 2004; x_wconf 88' lang='lat' dir='ltr'>adn.</span> <span class='ocrx_word' id='word_1_224' title='bbox 1619 1964 1805 2016; x_wconf 86' lang='lat' dir='ltr'>l)totam</span> 
     </span>
     <span class='ocr_line' id='line_1_26' title="bbox 110 2032 1804 2091; baseline -0.002 -14"><span class='ocrx_word' id='word_1_225' title='bbox 110 2035 377 2078; x_wconf 88' lang='lat' dir='ltr'>sententiam</span> <span class='ocrx_word' id='word_1_226' title='bbox 410 2036 471 2077; x_wconf 89' lang='lat' dir='ltr'>ita</span> <span class='ocrx_word' id='word_1_227' title='bbox 503 2035 834 2091; x_wconf 81' lang='lat' dir='ltr'>interpretatur,</span> <span class='ocrx_word' id='word_1_228' title='bbox 878 2034 1004 2091; x_wconf 86' lang='lat' dir='ltr'>quasi</span> <span class='ocrx_word' id='word_1_229' title='bbox 1037 2034 1245 2090; x_wconf 56' lang='lat' dir='ltr'>scriptun?</span> <span class='ocrx_word' id='word_1_230' title='bbox 1283 2036 1492 2085; x_wconf 80' lang='lat' dir='ltr'>exstaret,</span> <span class='ocrx_word' id='word_1_231' title='bbox 1533 2032 1629 2075; x_wconf 80' lang='grc' dir='ltr'><em>ἀλλ’</em></span> <span class='ocrx_word' id='word_1_232' title='bbox 1665 2035 1804 2088; x_wconf 79' lang='grc' dir='ltr'><em>ἄκρον</em></span> 
     </span>
     <span class='ocr_line' id='line_1_27' title="bbox 111 2106 1805 2163; baseline -0.002 -14"><span class='ocrx_word' id='word_1_233' title='bbox 111 2110 260 2149; x_wconf 79' lang='grc' dir='ltr'><em>ἄωτον</em></span> <span class='ocrx_word' id='word_1_234' title='bbox 299 2108 450 2163; x_wconf 78' lang='grc' dir='ltr'><em>ὀλίγης</em></span> <span class='ocrx_word' id='word_1_235' title='bbox 488 2108 671 2163; x_wconf 77' lang='grc' dir='ltr'><em>λιβάδος</em></span> <span class='ocrx_word' id='word_1_236' title='bbox 711 2108 963 2161; x_wconf 77' lang='grc' dir='ltr'><em>φορέουσιν,</em></span> <span class='ocrx_word' id='word_1_237' title='bbox 1008 2109 1100 2161; x_wconf 53' lang='grc' dir='ltr'>1ἥτις</span> <span class='ocrx_word' id='word_1_238' title='bbox 1138 2106 1320 2161; x_wconf 74' lang='grc' dir='ltr'><em>καθαρὴ</em></span> <span class='ocrx_word' id='word_1_239' title='bbox 1359 2120 1405 2147; x_wconf 85' lang='grc' dir='ltr'>τε</span> <span class='ocrx_word' id='word_1_240' title='bbox 1443 2106 1516 2146; x_wconf 79' lang='grc' dir='ltr'>καὶ</span> <span class='ocrx_word' id='word_1_241' title='bbox 1554 2106 1805 2160; x_wconf 81' lang='grc' dir='ltr'><em>ἀχράαντος</em></span> 
     </span>
     <span class='ocr_line' id='line_1_28' title="bbox 111 2173 1805 2233; baseline -0.003 -14"><span class='ocrx_word' id='word_1_242' title='bbox 111 2179 295 2233; x_wconf 79' lang='grc' dir='ltr'><em>ἀνέρπει</em></span> <span class='ocrx_word' id='word_1_243' title='bbox 336 2178 525 2230; x_wconf 80' lang='grc' dir='ltr'><em>πίδακος</em></span> <span class='ocrx_word' id='word_1_244' title='bbox 557 2178 606 2230; x_wconf 82' lang='grc' dir='ltr'>ἐξ</span> <span class='ocrx_word' id='word_1_245' title='bbox 645 2182 783 2233; x_wconf 49' lang='grc' dir='ltr'><em>ἱερῆς</em></span> <span class='ocrx_word' id='word_1_246' title='bbox 842 2190 975 2219; x_wconf 88' lang='lat' dir='ltr'>voces</span> <span class='ocrx_word' id='word_1_247' title='bbox 1024 2175 1141 2218; x_wconf 87' lang='lat' dir='ltr'>enim</span> <span class='ocrx_word' id='word_1_248' title='bbox 1189 2176 1314 2231; x_wconf 81' lang='grc' dir='ltr'><em>ὀλίγη</em></span> <span class='ocrx_word' id='word_1_249' title='bbox 1361 2175 1489 2231; x_wconf 81' lang='grc' dir='ltr'><em>λιβάς</em></span> <span class='ocrx_word' id='word_1_250' title='bbox 1534 2173 1805 2230; x_wconf 87' lang='lat' dir='ltr'>pronominis</span> 
     </span>
     <span class='ocr_line' id='line_1_29' title="bbox 110 2242 1803 2303; baseline -0.003 -14"><span class='ocrx_word' id='word_1_251' title='bbox 110 2247 295 2299; x_wconf 80' lang='lat' dir='ltr'>relativi,</span> <span class='ocrx_word' id='word_1_252' title='bbox 335 2248 453 2303; x_wconf 89' lang='lat' dir='ltr'>quod</span> <span class='ocrx_word' id='word_1_253' title='bbox 486 2248 541 2289; x_wconf 87' lang='lat' dir='ltr'>ad</span> <span class='ocrx_word' id='word_1_254' title='bbox 574 2261 648 2290; x_wconf 87' lang='lat' dir='ltr'>eas</span> <span class='ocrx_word' id='word_1_255' title='bbox 680 2247 909 2299; x_wconf 82' lang='lat' dir='ltr'>referatur,</span> <span class='ocrx_word' id='word_1_256' title='bbox 944 2261 1049 2289; x_wconf 87' lang='lat' dir='ltr'>casu</span> <span class='ocrx_word' id='word_1_257' title='bbox 1083 2248 1295 2288; x_wconf 87' lang='lat' dir='ltr'>attractas</span> <span class='ocrx_word' id='word_1_258' title='bbox 1329 2259 1438 2287; x_wconf 90' lang='lat' dir='ltr'>esse.</span> <span class='ocrx_word' id='word_1_259' title='bbox 1502 2245 1572 2296; x_wconf 74' lang='lat' dir='ltr'>At,</span> <span class='ocrx_word' id='word_1_260' title='bbox 1607 2243 1642 2285; x_wconf 89' lang='lat' dir='ltr'>si</span> <span class='ocrx_word' id='word_1_261' title='bbox 1675 2242 1803 2286; x_wconf 86' lang='lat' dir='ltr'>Calli-</span> 
     </span>
     <span class='ocr_line' id='line_1_30' title="bbox 110 2315 1804 2374; baseline -0.002 -15"><span class='ocrx_word' id='word_1_262' title='bbox 110 2319 292 2360; x_wconf 87' lang='lat' dir='ltr'>machus</span> <span class='ocrx_word' id='word_1_263' title='bbox 321 2318 381 2360; x_wconf 91' lang='lat' dir='ltr'>ita</span> <span class='ocrx_word' id='word_1_264' title='bbox 413 2318 672 2374; x_wconf 85' lang='lat' dir='ltr'>scripsisset,</span> <span class='ocrx_word' id='word_1_265' title='bbox 716 2332 891 2360; x_wconf 90' lang='lat' dir='ltr'>omnem</span> <span class='ocrx_word' id='word_1_266' title='bbox 932 2331 1111 2372; x_wconf 88' lang='lat' dir='ltr'>operam</span> <span class='ocrx_word' id='word_1_267' title='bbox 1150 2316 1324 2358; x_wconf 87' lang='lat' dir='ltr'>dedisse</span> <span class='ocrx_word' id='word_1_268' title='bbox 1366 2315 1605 2366; x_wconf 87' lang='lat' dir='ltr'>videretur,</span> <span class='ocrx_word' id='word_1_269' title='bbox 1648 2317 1697 2356; x_wconf 88' lang='lat' dir='ltr'>ut</span> <span class='ocrx_word' id='word_1_270' title='bbox 1730 2328 1804 2356; x_wconf 86' lang='lat' dir='ltr'>eos</span> 
     </span>
     <span class='ocr_line' id='line_1_31' title="bbox 112 2385 1805 2444; baseline -0.002 -14"><span class='ocrx_word' id='word_1_271' title='bbox 112 2388 187 2444; x_wconf 89' lang='lat' dir='ltr'>qui</span> <span class='ocrx_word' id='word_1_272' title='bbox 205 2389 407 2443; x_wconf 82' lang='lat' dir='ltr'>legerent</span> <span class='ocrx_word' id='word_1_273' title='bbox 420 2389 464 2430; x_wconf 92' lang='lat' dir='ltr'>in</span> <span class='ocrx_word' id='word_1_274' title='bbox 478 2403 670 2431; x_wconf 90' lang='lat' dir='ltr'>errorem</span> <span class='ocrx_word' id='word_1_275' title='bbox 689 2388 937 2430; x_wconf 85' lang='lat' dir='ltr'>induceret:</span> <span class='ocrx_word' id='word_1_276' title='bbox 964 2387 1232 2443; x_wconf 90' lang='lat' dir='ltr'>quicumque</span> <span class='ocrx_word' id='word_1_277' title='bbox 1245 2386 1362 2428; x_wconf 92' lang='lat' dir='ltr'>enim</span> <span class='ocrx_word' id='word_1_278' title='bbox 1377 2386 1514 2428; x_wconf 84' lang='lat' dir='ltr'>libera</span> <span class='ocrx_word' id='word_1_279' title='bbox 1525 2388 1675 2427; x_wconf 89' lang='lat' dir='ltr'>mente</span> <span class='ocrx_word' id='word_1_280' title='bbox 1690 2385 1805 2426; x_wconf 87' lang='lat' dir='ltr'>hanc</span> 
     </span>
     <span class='ocr_line' id='line_1_32' title="bbox 113 2457 1804 2514; baseline -0.002 -13"><span class='ocrx_word' id='word_1_281' title='bbox 113 2459 350 2502; x_wconf 84' lang='lat' dir='ltr'>verborum</span> <span class='ocrx_word' id='word_1_282' title='bbox 384 2458 828 2514; x_wconf 84' lang='lat' dir='ltr'>comprehensionem</span> <span class='ocrx_word' id='word_1_283' title='bbox 862 2457 1031 2513; x_wconf 85' lang='lat' dir='ltr'>legerit,</span> <span class='ocrx_word' id='word_1_284' title='bbox 1075 2458 1227 2500; x_wconf 85' lang='lat' dir='ltr'>credet</span> <span class='ocrx_word' id='word_1_285' title='bbox 1271 2459 1395 2513; x_wconf 84' lang='grc' dir='ltr'><em>ὀλίγη</em></span> <span class='ocrx_word' id='word_1_286' title='bbox 1426 2458 1554 2512; x_wconf 83' lang='grc' dir='ltr'><em>λιβάς</em></span> <span class='ocrx_word' id='word_1_287' title='bbox 1588 2458 1631 2498; x_wconf 86' lang='lat' dir='ltr'>et</span> <span class='ocrx_word' id='word_1_288' title='bbox 1664 2458 1804 2511; x_wconf 75' lang='grc' dir='ltr'><em>ἄκρον</em></span> 
     </span>
     <span class='ocr_line' id='line_1_33' title="bbox 113 2526 1802 2585; baseline -0.002 -14"><span class='ocrx_word' id='word_1_289' title='bbox 113 2532 261 2572; x_wconf 81' lang='grc' dir='ltr'><em>ἄωτον</em></span> <span class='ocrx_word' id='word_1_290' title='bbox 295 2532 342 2571; x_wconf 78' lang='grc' dir='ltr'>ἐκ</span> <span class='ocrx_word' id='word_1_291' title='bbox 364 2530 671 2585; x_wconf 75' lang='grc' dir='ltr'><em>παραλλήλου,</em></span> <span class='ocrx_word' id='word_1_292' title='bbox 707 2532 753 2570; x_wconf 87' lang='lat' dir='ltr'>ut</span> <span class='ocrx_word' id='word_1_293' title='bbox 778 2528 914 2580; x_wconf 91' lang='lat' dir='ltr'>aiunt,</span> <span class='ocrx_word' id='word_1_294' title='bbox 938 2527 1082 2584; x_wconf 88' lang='lat' dir='ltr'>posita</span> <span class='ocrx_word' id='word_1_295' title='bbox 1105 2541 1214 2570; x_wconf 91' lang='lat' dir='ltr'>esse.</span> <span class='ocrx_word' id='word_1_296' title='bbox 1265 2526 1544 2579; x_wconf 86' lang='lat' dir='ltr'>Quaesiverit</span> <span class='ocrx_word' id='word_1_297' title='bbox 1570 2526 1802 2582; x_wconf 88' lang='lat' dir='ltr'>quispiam,</span> 
     </span>
     <span class='ocr_line' id='line_1_34' title="bbox 113 2597 1804 2656; baseline -0.003 -14"><span class='ocrx_word' id='word_1_298' title='bbox 113 2599 236 2642; x_wconf 89' lang='lat' dir='ltr'>cuius</span> <span class='ocrx_word' id='word_1_299' title='bbox 269 2599 331 2642; x_wconf 92' lang='lat' dir='ltr'>rei</span> <span class='ocrx_word' id='word_1_300' title='bbox 366 2601 491 2656; x_wconf 89' lang='grc' dir='ltr'><em>ὀλίγη</em></span> <span class='ocrx_word' id='word_1_301' title='bbox 513 2601 819 2656; x_wconf 66' lang='lat' dir='ltr'>Ztsscig‚pa1·va</span> <span class='ocrx_word' id='word_1_302' title='bbox 851 2613 967 2642; x_wconf 89' lang='lat' dir='ltr'>vena</span> <span class='ocrx_word' id='word_1_303' title='bbox 999 2600 1119 2650; x_wconf 86' lang='lat' dir='ltr'>(nam</span> <span class='ocrx_word' id='word_1_304' title='bbox 1152 2612 1313 2640; x_wconf 74' lang='lat' dir='ltr'>venam</span> <span class='ocrx_word' id='word_1_305' title='bbox 1345 2597 1542 2652; x_wconf 90' lang='lat' dir='ltr'>intellegi</span> <span class='ocrx_word' id='word_1_306' title='bbox 1574 2597 1661 2639; x_wconf 87' lang='lat' dir='ltr'>iam</span> <span class='ocrx_word' id='word_1_307' title='bbox 1694 2611 1804 2651; x_wconf 88' lang='lat' dir='ltr'>opus</span> 
     </span>
     <span class='ocr_line' id='line_1_35' title="bbox 112 2669 1804 2727; baseline -0.003 -14"><span class='ocrx_word' id='word_1_308' title='bbox 112 2673 211 2724; x_wconf 85' lang='lat' dir='ltr'>est),</span> <span class='ocrx_word' id='word_1_309' title='bbox 245 2672 385 2727; x_wconf 81' lang='grc' dir='ltr'><em>ἄκρον</em></span> <span class='ocrx_word' id='word_1_310' title='bbox 418 2673 566 2713; x_wconf 82' lang='grc' dir='ltr'><em>ἄωτον</em></span> <span class='ocrx_word' id='word_1_311' title='bbox 600 2670 667 2712; x_wconf 89' lang='lat' dir='ltr'>sit.</span> <span class='ocrx_word' id='word_1_312' title='bbox 711 2670 858 2725; x_wconf 80' lang='lat' dir='ltr'>Atque</span> <span class='ocrx_word' id='word_1_313' title='bbox 891 2669 1227 2711; x_wconf 90' lang='lat' dir='ltr'>concedendum</span> <span class='ocrx_word' id='word_1_314' title='bbox 1261 2671 1327 2710; x_wconf 90' lang='lat' dir='ltr'>est</span> <span class='ocrx_word' id='word_1_315' title='bbox 1359 2671 1498 2724; x_wconf 81' lang='grc' dir='ltr'><em>ἄκρον</em></span> <span class='ocrx_word' id='word_1_316' title='bbox 1531 2670 1680 2710; x_wconf 81' lang='grc' dir='ltr'><em>ἄωτον</em></span> <span class='ocrx_word' id='word_1_317' title='bbox 1707 2681 1804 2709; x_wconf 86' lang='lat' dir='ltr'>eam</span> 
     </span>
     <span class='ocr_line' id='line_1_36' title="bbox 111 2736 1802 2797; baseline -0.004 -14"><span class='ocrx_word' id='word_1_318' title='bbox 111 2741 339 2784; x_wconf 88' lang='lat' dir='ltr'>notionem</span> <span class='ocrx_word' id='word_1_319' title='bbox 365 2741 568 2797; x_wconf 88' lang='lat' dir='ltr'>flagitare</span> <span class='ocrx_word' id='word_1_320' title='bbox 593 2755 707 2797; x_wconf 85' lang='lat' dir='ltr'>quae</span> <span class='ocrx_word' id='word_1_321' title='bbox 740 2741 1000 2796; x_wconf 90' lang='lat' dir='ltr'>plerumque</span> <span class='ocrx_word' id='word_1_322' title='bbox 1032 2738 1242 2794; x_wconf 83' lang='lat' dir='ltr'>genetivo</span> <span class='ocrx_word' id='word_1_323' title='bbox 1277 2738 1485 2794; x_wconf 80' lang='lat' dir='ltr'>partitive</span> <span class='ocrx_word' id='word_1_324' title='bbox 1519 2736 1802 2792; x_wconf 82' lang='lat' dir='ltr'>exprimitur3</span> 
     </span>
     <span class='ocr_line' id='line_1_37' title="bbox 112 2807 1805 2865; baseline -0.003 -11"><span class='ocrx_word' id='word_1_325' title='bbox 112 2811 406 2854; x_wconf 84' lang='lat' dir='ltr'>Callimachus</span> <span class='ocrx_word' id='word_1_326' title='bbox 434 2812 551 2855; x_wconf 91' lang='lat' dir='ltr'>enim</span> <span class='ocrx_word' id='word_1_327' title='bbox 574 2812 689 2854; x_wconf 89' lang='lat' dir='ltr'>illam</span> <span class='ocrx_word' id='word_1_328' title='bbox 714 2812 964 2853; x_wconf 87' lang='lat' dir='ltr'>iuncturam</span> <span class='ocrx_word' id='word_1_329' title='bbox 988 2825 1011 2853; x_wconf 94' lang='lat' dir='ltr'>e</span> <span class='ocrx_word' id='word_1_330' title='bbox 1034 2810 1223 2851; x_wconf 86' lang='lat' dir='ltr'>Pindaro</span> <span class='ocrx_word' id='word_1_331' title='bbox 1248 2809 1477 2865; x_wconf 88' lang='lat' dir='ltr'>prompsit,</span> <span class='ocrx_word' id='word_1_332' title='bbox 1512 2808 1587 2864; x_wconf 91' lang='lat' dir='ltr'>qui</span> <span class='ocrx_word' id='word_1_333' title='bbox 1610 2823 1710 2850; x_wconf 90' lang='lat' dir='ltr'>cum</span> <span class='ocrx_word' id='word_1_334' title='bbox 1733 2807 1805 2849; x_wconf 85' lang='lat' dir='ltr'>illa</span> 
     </span>
    </p>
   </div>
   <div class='ocr_carea' id='block_1_3' title="bbox 111 2892 272 2894">
    <p class='ocr_par' dir='ltr' id='par_1_5' title="bbox 111 2892 272 2894">
     <span class='ocr_line' id='line_1_38' title="bbox 111 2892 272 2894; baseline 0 0"><span class='ocrx_word' id='word_1_335' title='bbox 111 2892 272 2894; x_wconf 95' lang='lat' dir='ltr'> </span> 
     </span>
    </p>
   </div>
   <div class='ocr_carea' id='block_1_4' title="bbox 111 2913 1803 2961">
    <p class='ocr_par' dir='ltr' id='par_1_6' title="bbox 111 2913 1803 2961">
     <span class='ocr_line' id='line_1_39' title="bbox 111 2913 1803 2961; baseline -0.002 -11"><span class='ocrx_word' id='word_1_336' title='bbox 111 2922 173 2961; x_wconf 79' lang='grc' dir='ltr'>τῆς</span> <span class='ocrx_word' id='word_1_337' title='bbox 210 2918 353 2959; x_wconf 81' lang='grc' dir='ltr'><em>ἐλαίας.</em></span> <span class='ocrx_word' id='word_1_338' title='bbox 405 2918 505 2961; x_wconf 86' lang='lat' dir='ltr'>Quod</span> <span class='ocrx_word' id='word_1_339' title='bbox 543 2918 678 2952; x_wconf 83' lang='lat' dir='ltr'>animal</span> <span class='ocrx_word' id='word_1_340' title='bbox 715 2919 840 2961; x_wconf 88' lang='lat' dir='ltr'>purius</span> <span class='ocrx_word' id='word_1_341' title='bbox 878 2920 997 2951; x_wconf 81' lang='lat' dir='ltr'>mente</span> <span class='ocrx_word' id='word_1_342' title='bbox 1036 2916 1159 2959; x_wconf 78' lang='lat' dir='ltr'>effingi</span> <span class='ocrx_word' id='word_1_343' title='bbox 1196 2919 1318 2958; x_wconf 76' lang='lat' dir='ltr'>potest</span> <span class='ocrx_word' id='word_1_344' title='bbox 1358 2925 1466 2957; x_wconf 86' lang='lat' dir='ltr'>quam</span> <span class='ocrx_word' id='word_1_345' title='bbox 1491 2915 1584 2957; x_wconf 90' lang='lat' dir='ltr'>quod</span> <span class='ocrx_word' id='word_1_346' title='bbox 1611 2925 1629 2948; x_wconf 85' lang='lat' dir='ltr'>e</span> <span class='ocrx_word' id='word_1_347' title='bbox 1655 2913 1803 2948; x_wconf 89' lang='lat' dir='ltr'>floribus</span> 
     </span>
    </p>
   </div>
   <div class='ocr_carea' id='block_1_5' title="bbox 110 2976 934 3080">
    <p class='ocr_par' dir='ltr' id='par_1_7' title="bbox 110 2976 934 3080">
     <span class='ocr_line' id='line_1_40' title="bbox 110 2976 934 3021; baseline -0.001 -11"><span class='ocrx_word' id='word_1_348' title='bbox 110 2978 306 3011; x_wconf 73' lang='lat' dir='ltr'>nascatur?</span> <span class='ocrx_word' id='word_1_349' title='bbox 356 2977 425 3011; x_wconf 80' lang='lat' dir='ltr'>Cfr.</span> <span class='ocrx_word' id='word_1_350' title='bbox 446 2977 488 3011; x_wconf 83' lang='lat' dir='ltr'>de</span> <span class='ocrx_word' id='word_1_351' title='bbox 514 2987 592 3021; x_wconf 85' lang='lat' dir='ltr'>gen.</span> <span class='ocrx_word' id='word_1_352' title='bbox 613 2978 719 3010; x_wconf 80' lang='lat' dir='ltr'>anim.</span> <span class='ocrx_word' id='word_1_353' title='bbox 741 2977 776 3009; x_wconf 87' lang='grc' dir='ltr'><em>Γ</em></span> <span class='ocrx_word' id='word_1_354' title='bbox 792 2976 934 3010; x_wconf 73' lang='lat' dir='ltr'>759a8.</span> 
     </span>
     <span class='ocr_line' id='line_1_41' title="bbox 229 3035 899 3080; baseline -0.003 -11"><span class='ocrx_word' id='word_1_355' title='bbox 229 3036 255 3080; x_wconf 79' lang='grc' dir='ltr'>ι)</span> <span class='ocrx_word' id='word_1_356' title='bbox 283 3035 354 3069; x_wconf 71' lang='lat' dir='ltr'>Cir.</span> <span class='ocrx_word' id='word_1_357' title='bbox 373 3035 502 3071; x_wconf 81' lang='lat' dir='ltr'>Suidas</span> <span class='ocrx_word' id='word_1_358' title='bbox 528 3046 554 3070; x_wconf 89' lang='lat' dir='ltr'>s.</span> <span class='ocrx_word' id='word_1_359' title='bbox 574 3046 606 3069; x_wconf 88' lang='lat' dir='ltr'>v.</span> <span class='ocrx_word' id='word_1_360' title='bbox 626 3035 899 3079; x_wconf 80' lang='grc' dir='ltr'><em>Καλλίμαχος.</em></span> 
     </span>
    </p>
   </div>
  </div>
 </body>
</html>
