2180 3482
876 227 929 260 De
955 237 988 261 v.
1007 227 1051 260 71
1063 237 1138 269 sqq.
1799 231 1849 270 51

163 331 299 374 ditam
340 331 516 374 dixisse.
582 332 793 387 Sequitur
833 334 1096 375 πολύθυτον
1135 335 1301 389 ἔρανον
1333 334 1472 375 ἔνθεν
1505 333 1852 387 ἀναδεξάμενοι,

161 403 394 454 Ἄπολλον,
434 408 510 459 τεᾷ
548 402 748 458 Καρνεῖε
786 404 835 445 έν
875 403 991 445 ὁαιτὶ
1029 404 1263 458 σεβίζομεν
1295 404 1514 459 Κυράνας
1553 405 1855 459 ἀγακτιμέναν

162 474 309 515 πόλιν.
375 472 495 524 Quas
527 486 663 515 voces
699 473 995 515 Callimachus
1034 472 1129 515 sine
1168 473 1300 515 dubio
1341 474 1395 515 ad
1435 475 1631 525 chorum,
1670 488 1762 516 non
1800 474 1855 515 ad

162 545 340 599 poetam
373 542 553 594 rettulit,
589 544 889 598 ἀναδέχεσθαι
920 558 998 585 suo
1026 543 1119 586 iure
1148 543 1209 585 ita
1238 543 1409 599 accepit
1440 544 1566 600 quasi
1596 547 1714 587 esset
1749 558 1855 596 „sua

161 613 261 657 vice
292 613 534 669 recipere“‚
569 614 747 656 easdem
781 613 934 668 epulas
967 613 1163 656 Carneas
1197 614 1363 657 scilicet
1397 629 1506 670 quas
1540 614 1685 657 coloni
1717 615 1853 658 Lace-

162 683 383 727 daemonii
415 684 543 726 domo
578 685 766 726 Theram
794 687 1037 739 portarant.
1088 685 1248 726 Totum
1270 684 1475 726 nimirum
1499 685 1645 727 locum
1668 684 1713 726 in
1739 686 1855 727 hanc

161 753 255 796 fere
291 754 557 796 sententiam
590 754 908 810 interpretatus
941 757 1025 797 est:
1064 755 1244 811 „epulas
1278 754 1488 806 Carneas,
1523 769 1655 810 quem
1687 769 1855 797 morem

162 825 351 867 Theram
376 825 717 867 Lacedaemonii
740 825 1094 877 introduxerant,
1129 825 1232 867 inde
1265 828 1472 880 acceptas
1506 839 1606 867 cum
1635 825 1855 880 Cyrenaei

160 894 449 947 celebremus,
485 894 686 950 Cyrenas
720 895 945 938 civitatem
978 899 1176 937 nostram
1208 896 1375 938 honore
1408 894 1670 937 afficinius“.
1725 895 1854 938 Calli-

159 966 366 1007 machum
404 979 560 1009 revera
593 966 648 1007 ab
681 967 764 1008 hoc
798 965 977 1007 Pindari
1009 966 1105 1008 loco
1138 966 1334 1021 pendere
1368 965 1471 1008 inde
1512 966 1853 1019 demonstratur,

161 1036 280 1091 quod
312 1039 501 1092 uterque
534 1036 746 1078 continuo
787 1050 878 1078 non
910 1036 997 1078 iam
1030 1037 1212 1078 Battum
1245 1037 1322 1078 sed
1354 1035 1639 1079 Aristotelem
1672 1036 1778 1079 dicit
1808 1036 1854 1079 in

160 1106 345 1161 Libyam
369 1107 591 1149 Theraeos
624 1106 816 1158 duxisse,
852 1107 971 1162 quod
993 1106 1113 1148 Batti
1140 1121 1318 1158 nomen,
1352 1106 1437 1148 nisi
1460 1107 1578 1162 quod
1601 1107 1854 1150 Herodotus

160 1190 338 1233 quoque
369 1177 475 1219 illud
506 1177 703 1232 respexit
720 1177 762 1231 ¹),
795 1191 885 1219 non
919 1177 1022 1219 alibi
1055 1180 1443 1220 commemoratur:
1488 1177 1704 1220 Pindarus
1738 1178 1854 1221 enim

158 1247 326 1303 priscos
368 1246 625 1302 Cyrenaeos
664 1249 832 1304 ἄνδρας
871 1247 981 1289 dixit
1021 1250 1078 1302 (v.
1110 1250 1197 1303 86),
1236 1252 1338 1301 τοὺς
1372 1250 1678 1304 Ἀριστοτέλης
1717 1251 1855 1305 ἄγαγε

158 1322 294 1361 ναυσὶ
325 1320 462 1371 θοαῖς
494 1320 602 1371 ἁλὸς
634 1320 832 1374 βαθεῖαν
864 1319 1087 1362 κέλευθον
1120 1322 1336 1374 άνοίγων;
1378 1318 1673 1361 Callimachus
1706 1322 1855 1362 autem

159 1388 334 1444 scripsit
367 1391 424 1443 (v.
451 1391 521 1440 76)
555 1390 737 1431 Battum
764 1388 987 1432 Carneum
1010 1390 1155 1432 Thera
1186 1389 1232 1431 in
1254 1389 1441 1445 Libyam
1468 1392 1687 1445 portasse:
1724 1391 1854 1443 οὖλος

158 1462 466 1516 Ἀριστοτέλης
489 1459 741 1516 Ἀσβυστίὸι
773 1462 977 1516 πάρθετο
1010 1464 1126 1517 γαίῃ.
1181 1461 1338 1516 Neque
1370 1459 1442 1502 hic
1475 1463 1720 1504 concentus
1749 1475 1854 1503 casu

159 1530 340 1573 evenire
374 1530 536 1586 potuit:
570 1534 760 1586 utroque
783 1530 901 1573 enim
923 1531 1019 1574 loco
1043 1530 1159 1573 idem
1183 1534 1315 1586 poeta
1338 1530 1490 1583 voluit,
1526 1545 1601 1573 eos
1625 1531 1700 1587 qui
1732 1532 1853 1587 lege-

157 1604 269 1653 rent,
294 1601 454 1653 mirari,
488 1601 587 1657 quis
619 1601 691 1643 hic
717 1601 979 1644 Aristoteles
1006 1604 1137 1654 esset,
1162 1601 1237 1658 qui
1260 1602 1459 1643 nondum
1482 1604 1852 1644 commemoratus

159 1674 271 1725 erat3
312 1672 452 1715 voluit
484 1674 715 1727 praeterea
757 1671 1051 1714 Callimachus
1092 1672 1187 1714 illos
1220 1672 1349 1714 huius
1382 1671 1561 1714 Pindari
1592 1671 1677 1714 loci
1708 1686 1852 1715 recor-

158 1742 263 1784 dari.
328 1742 435 1784 Post
467 1741 539 1784 illa
571 1757 685 1798 quae
719 1742 1033 1798 exscripsimus
1066 1743 1204 1786 verba
1230 1742 1429 1798 sequitur
1455 1743 1573 1798 apud
1595 1742 1851 1785 Pindarum:

157 1817 303 1856 κτίσεν
341 1812 378 1855 ‹5’
417 1815 552 1856 ἄλσεα
590 1814 776 1867 μείζονα
814 1814 942 1856 θεῶν
975 1812 1183 1869 viamque
1221 1812 1475 1856 aedificavit
1515 1813 1687 1869 pompis
1719 1813 1852 1870 Apol-

157 1883 299 1936 lineis,
345 1884 463 1939 apud
508 1883 828 1926 Callimachum
873 1885 996 1938 ὄεῖμε
1041 1885 1089 1926 ὁέ
1130 1901 1197 1926 τοι
1237 1885 1359 1938 μάλα
1401 1885 1542 1927 καλὸν
1586 1887 1850 1941 ἀνάκτορον.

159 1954 267 2006 Quis
298 1954 385 1996 iam
419 1954 639 1996 dubitabit
671 1954 779 2010 quin
803 1953 1099 1997 Callimachus
1122 1954 1363 1996 Pindarum
1398 1954 1524 2010 quasi
1547 1954 1683 2010 digito
1708 1955 1853 1998 indice

157 2024 406 2067 monstret?

277 2094 327 2140 71
363 2095 431 2137 Ad
464 2097 561 2150 ἐμοὶ
595 2099 825 2151 πατρώιον
859 2100 973 2139 οὕτω
1005 2095 1191 2139 verbum
1220 2097 1374 2139 καλεῖν
1397 2095 1747 2151 intellegendum
1772 2100 1852 2149 est,

159 2167 278 2222 quod
315 2165 361 2207 in
398 2165 470 2208 illo
509 2168 716 2209 καλέουσι
751 2168 808 2221 (V.
836 2169 908 2220 69)
948 2166 1074 2222 quasi
1111 2167 1232 2209 latet.
1270 2193 1321 2196 —
1357 2167 1410 2210 72
1445 2169 1493 2209 τὸ
1526 2168 1580 2223 δὴ
1614 2182 1691 2222 pro
1724 2169 1773 2209 τὸ
1807 2168 1854 2209 ὁὲ

159 2236 386 2278 substituit
424 2236 670 2279 Kaibelius:
712 2238 825 2289 τόὸε,
867 2237 986 2293 quod
1024 2237 1252 2279 Vahlenus
1292 2239 1350 2293 (p.
1381 2239 1480 2289 816,
1520 2237 1619 2279 adn.
1656 2239 1694 2291 1)
1735 2251 1852 2280 com-

159 2307 399 2359 mendavit,
443 2307 692 2363 Choephor.
724 2323 764 2351 v.
791 2310 845 2349 59
879 2310 1135 2363 comparato
1168 2307 1349 2350 minime
1388 2307 1608 2349 firmatur:
1650 2307 1695 2349 in
1733 2308 1852 2351 voci-

158 2378 240 2420 bus
275 2377 391 2420 enim
425 2380 473 2421 τὸ
507 2378 543 2421 δ’
578 2383 794 2434 εὐτυχεῖν,
831 2378 919 2421 τόδ’
956 2380 1004 2420 ἐν
1038 2381 1212 2434 βροτοῖς
1243 2379 1352 2431 θεός
1383 2395 1428 2420 τε
1461 2381 1536 2421 καὶ
1567 2380 1680 2421 θεοῦ
1712 2380 1854 2421 πλέον

157 2448 263 2491 illud
295 2450 394 2492 τόὸε
425 2448 629 2490 notitiam
657 2449 880 2505 quandam
914 2452 956 2491 et
979 2448 1072 2491 fere
1096 2448 1290 2504 speciem
1311 2447 1533 2491 infinitivo
1557 2448 1853 2504 significatam

159 2519 285 2576 quasi
322 2520 468 2562 denuo
501 2519 708 2572 inculcat,
752 2534 843 2562 non
887 2523 1054 2562 certam
1095 2533 1202 2571 rem,
1245 2522 1294 2561 ut
1335 2518 1491 2562 civitas
1540 2522 1625 2570 est,
1674 2520 1851 2575 proprio

158 2590 338 2633 nomine
371 2591 750 2646 comprehensam.
785 2616 839 2621 —
875 2591 1065 2633 ἔὸεθλον
1107 2590 1257 2632 sedem
1298 2589 1522 2644 intellego,
1563 2604 1654 2631 non
1695 2590 1852 2631 funda-

158 2663 372 2712 mentum,
406 2663 455 2702 ut
481 2674 584 2703 arae
606 2660 822 2716 Apollinis
851 2674 1040 2703 corneae
1072 2659 1365 2703 fundamenta
1398 2660 1543 2716 paullo
1568 2663 1672 2702 ante
1696 2665 1752 2711 (v.
1779 2662 1852 2714 62)

159 2732 341 2774 ἐδέθλια
374 2734 628 2774 vocaverat.
686 2732 937 2786 Utrumque
969 2744 1073 2773 vero
1108 2730 1374 2773 vocabulum
1408 2730 1452 2774 in
1484 2733 1720 2786 utramque
1753 2744 1851 2773 sen-

159 2801 346 2844 tentiam
384 2801 582 2858 ponitur;
626 2802 811 2844 ἐὸέθλια
853 2802 908 2843 ad
948 2800 1242 2843 fundamenta
1278 2800 1518 2843 indicanda
1557 2799 1852 2843 Callimachus

159 2872 244 2914 hoc
283 2885 416 2928 quem
454 2871 646 2914 diximus
684 2872 780 2914 loco
824 2870 1075 2926 usurpavit3
1121 2870 1382 2926 Apollonius
1422 2875 1497 2913 ἵνα
1528 2870 1564 2913 τ’
1600 2874 1682 2914 εἰσὶ
1713 2871 1853 2914 πύλαι

279 3024 305 3068 ¹)
332 3024 382 3059 Ut
405 3024 558 3068 Malten,
586 3025 850 3059 demonstravit
875 3024 978 3069 (Kyr.
998 3034 1030 3067 p.
1052 3023 1129 3068 100,
1157 3024 1237 3058 adn.
1259 3024 1303 3068 1).

1596 3083 1640 3116 4«
