2180 3482
706 244 761 278 De
787 245 936 289 Aegidis
962 250 999 280 et
1025 247 1257 281 Antenoridis
1749 253 1826 291 147

139 349 474 392 Lacedaemone
507 350 697 392 Theram
729 350 956 405 migrasse,
1002 365 1147 407 neque
1181 352 1312 407 igitur
1346 354 1460 396 illam
1496 354 1826 409 inscriptionem

139 418 428 462 vetustiorem
460 419 625 461 iudicat
640 420 681 474 ¹).

973 553 999 591 9

255 631 471 673 Pindarus
505 631 652 685 (Pyth.
677 631 916 687 V82sqq.)
956 632 1061 675 dicit
1093 634 1315 676 Ther-aeos
1354 634 1397 676 in
1431 635 1571 689 Libya
1603 636 1657 676 al)
1691 636 1826 678 Ante-

138 702 302 744 noridis
334 701 525 756 hospitio
566 704 783 757 receptos,
827 702 901 758 qui
935 703 1065 745 Troia
1102 707 1233 759 capta
1271 720 1370 746 cum
1406 705 1578 747 Helena
1616 705 1715 747 illuc
1749 706 1826 747 mi-

136 775 354 828 grassent,
389 771 482 814 illos
505 774 662 828 postea
684 773 810 828 quasi
833 773 1033 829 proprios
1065 775 1222 817 heroes
1255 775 1442 817 coluisse
1455 774 1497 827 ²).
1538 775 1827 830 Lysimachus

136 857 243 887 vero
277 845 326 886 ἐν
357 846 523 899 πρώτῳ
555 848 647 886 τῶν
678 843 872 886 Νόστων
904 845 1039 900 (apud
1073 845 1206 886 schol.
1232 846 1287 887 ad
1317 845 1491 887 Pindari
1514 846 1642 900 Pyth.
1672 847 1705 888 V
1729 849 1826 901 108)

135 916 284 956 narrat
333 913 489 956 collem
534 912 648 955 inter
681 912 882 968 Cyrenas
922 917 965 957 et
1002 929 1123 957 mare
1156 915 1210 956 ab
1242 915 1617 958 Antenoridarum
1649 917 1828 959 nomine

136 987 344 1027 vocatum
386 997 495 1035 esse,
545 983 620 1039 qui
652 984 782 1026 Troia
822 998 978 1027 eversa
1019 985 1137 1040 apud
1168 985 1411 1028 Amnacem
1449 985 1639 1041 Libyum
1677 1001 1824 1041 regem

136 1054 383 1097 habitatum
421 1054 737 1097 concesserint.
811 1054 944 1097 Collis
983 1055 1116 1110 igitur
1155 1058 1199 1098 et
1241 1070 1414 1097 sacrum
1454 1056 1828 1099 Antenoridarum

135 1125 222 1168 illic
258 1124 354 1167 fuit.
419 1124 606 1177 Quando
644 1125 755 1167 haec
792 1124 943 1167 fabula
980 1128 1077 1167 orta
1109 1125 1176 1177 sit,
1216 1140 1308 1167 non
1340 1126 1469 1168 facile
1503 1126 1826 1180 enucleabitur3

136 1197 228 1248 sed,
272 1198 374 1238 utut
420 1196 474 1238 de
516 1195 588 1237 issa
628 1194 905 1247 indicaveris,
953 1209 1085 1238 nemo
1127 1195 1414 1238 Antenoridis
1457 1196 1689 1251 cyrenaeis
1729 1197 1828 1253 plus

135 1267 300 1309 tribuet
347 1281 481 1322 quam
529 1265 726 1308 eiusdem
771 1265 1012 1309 Antenoris
1058 1266 1104 1308 in
1152 1267 1323 1309 Italiam
1375 1267 1640 1322 migrationi,
1695 1283 1827 1324 quam

135 1340 287 1380 tamen
337 1336 423 1379 iam
473 1336 716 1392 Sophocles
770 1340 854 1393 (ap.
892 1337 1036 1379 Strab.
1073 1337 1181 1379 XIII
1215 1340 1314 1390 608,
1363 1353 1405 1394 p.
1439 1340 1538 1390 805,
1573 1340 1627 1379 25
1675 1338 1826 1394 Mein.)

134 1407 344 1460 narravit,
379 1410 456 1450 aut
487 1408 655 1449 Romae
687 1407 742 1449 ab
773 1406 928 1450 Aenea
960 1407 1179 1451 conditae.

959 1539 1011 1579 10

254 1621 403 1663 Meum
456 1622 521 1663 est
574 1619 774 1675 profiteri
825 1620 995 1662 nullum
1046 1621 1102 1662 ad
1154 1620 1410 1677 opinionem
1457 1635 1599 1664 meam
1648 1621 1828 1677 propius

137 1691 352 1734 accedere
384 1705 517 1747 quam
550 1690 807 1743 Gerckium3
855 1705 881 1733 a
919 1705 1006 1746 quo
1045 1694 1196 1734 tamen
1229 1691 1290 1733 ita
1322 1691 1547 1744 dissentio,
1593 1695 1643 1734 ut
1680 1692 1828 1735 facere

134 1777 225 1805 non
258 1761 478 1818 potuerim
511 1761 618 1818 quin
649 1762 767 1804 hanc
799 1760 1145 1817 disputationem
1179 1762 1516 1805 conscriberem,

254 1868 279 1913 ¹)
306 1869 406 1902 Haec
437 1870 514 1902 tam
545 1867 714 1902 brevibus
746 1867 943 1911 disputavi,
970 1867 1063 1910 quod
1090 1867 1298 1911 plerumque
1326 1879 1405 1902 cum
1431 1867 1605 1902 Maltenio
1632 1870 1827 1912 consentio,

134 1928 206 1962 nisi
237 1926 330 1969 quod
362 1926 423 1961 ille
458 1925 506 1971 (p.
537 1926 617 1971 181)
653 1927 862 1960 existimare
896 1926 1041 1960 videtur
1075 1925 1253 1961 coloniam
1288 1939 1310 1961 a
1344 1927 1639 1961 Lacedaemoniis
1673 1927 1828 1962 Theram

133 1987 283 2021 missam
300 1996 394 2028 esse;
421 1985 457 2019 id
475 1985 569 2028 quod
588 1985 726 2019 factum
746 1995 816 2019 non
837 1988 904 2028 est,
922 1985 1100 2027 siquidem
1119 1986 1445 2020 demonstravimus
1463 1985 1829 2020 Lacedaemoniorum

134 2048 258 2088 partes
284 2044 428 2079 fabulae
454 2045 528 2078 iam
553 2043 736 2087 perfectae
763 2047 874 2086 atque
901 2044 1090 2079 absolutae
1115 2044 1359 2088 interpolatas
1385 2054 1471 2079 esse.
1509 2045 1662 2079 Cautius
1687 2045 1829 2079 locutus

135 2107 215 2138 erat
239 2115 272 2147 p.
295 2103 376 2138 180:
419 2104 506 2147 „Die
531 2103 778 2147 Ausgrabung
803 2102 940 2137 Theras
975 2102 1042 2137 hat
1073 2103 1165 2137 auch
1196 2103 1274 2137 hier
1298 2103 1406 2137 Licht
1440 2103 1632 2147 gebracht3
1671 2104 1739 2138 wie
1766 2103 1830 2137 das

134 2161 338 2197 theraische
375 2161 558 2206 Alphabet
595 2163 705 2206 zeigt,
744 2161 881 2196 datiert
919 2161 981 2196 der
1018 2162 1164 2197 Einfluss
1202 2161 1354 2205 Spartas
1392 2162 1453 2196 auf
1490 2161 1609 2196 Thera
1648 2172 1713 2197 aus
1752 2162 1831 2196 dem

134 2221 196 2258 VI.
215 2222 236 2256 J
239 2220 492 2255 ahrhundert.“

254 2280 280 2325 ²)
308 2280 402 2315 Nam
427 2280 633 2315 recentibus
657 2281 920 2323 interpretibus
947 2279 1118 2316 dubitans
1146 2281 1311 2323 equidem
1338 2280 1479 2315 accedo.

1556 3105 1619 3141 10*
