2180 3482
530 233 582 267 De
607 234 776 278 pericopa
802 237 972 268 extrema.
1023 235 1076 269 De
1102 236 1267 271 Phthono
1294 240 1330 271 et
1356 236 1483 271 Momo.
1792 240 1848 280 83

162 339 434 383 saevientem
475 338 692 394 pinxisse3
736 339 855 380 illum
890 341 1019 382 deum
1062 341 1211 393 fuisse,
1254 343 1307 384 de
1347 356 1397 384 eo
1438 342 1608 385 fabulas
1647 347 1848 385 narratas

162 425 258 454 esse
292 409 577 466 pertinaciter
608 423 823 463 negamus
840 410 881 464 ¹),

276 480 412 536 Atqui
453 480 744 522 demonstrari
784 483 931 535 potest
971 481 1284 524 (fflallimachum
1329 483 1443 525 illam
1486 484 1754 526 historiolam
1794 486 1848 528 de

160 552 363 593 Phthono
403 551 457 592 de
494 550 616 592 caelo
666 550 790 605 pulso
832 551 964 605 longe
1007 566 1030 593 a
1072 552 1137 593 dis
1179 552 1311 594 vitam
1357 554 1548 607 (legente
1581 569 1669 595 non
1704 555 1847 610 ipsum

160 621 396 671 invenisse,
431 621 507 662 sed
540 620 684 675 lepide
719 624 759 663 et
794 622 989 664 variasse
1023 625 1064 664 et
1099 623 1287 665 auxisse.
1342 625 1513 665 Momus
1547 627 1692 667 aetate
1714 626 1847 668 helle-

159 691 316 733 nistica
349 691 456 732 deus
489 690 708 732 litteratus
742 691 884 733 factus
918 695 1029 744 erat,;
1070 693 1182 735 idem
1219 693 1512 735 Callimachus
1552 694 1670 736 illum
1709 696 1846 750 philo-

161 762 397 816 sophorum
426 760 560 803 fuisse
594 761 780 803 iudicem
815 761 1013 817 iniquum
1048 763 1189 805 novit:
1226 764 1357 805 voluit
1397 763 1512 805 enim
1547 764 1847 807 incredibilem

158 831 337 873 Diodori
363 831 497 872 Croni
531 831 790 886 sapientiam
827 833 979 887 paucis
1013 833 1195 875 vocibus
1229 834 1372 876 facete
1406 835 1681 887 adumbrare,
1716 835 1847 877 finxit

158 902 224 948 (fr.
255 905 324 948 70>
349 901 492 956 ipsum
518 903 708 944 Momum
734 902 774 943 in
805 902 1045 957 parietibus
1073 903 1300 958 scripsisse
1333 907 1355 945 ὁ
1378 905 1560 960 Κρόνος
1582 907 1672 947 ἐστὶ
1696 910 1845 961 σοφός.

156 972 535 1028 Epigrammatum
556 976 784 1027 poetarum
804 973 1079 1025 testimoniis,
1099 974 1320 1016 Leonidae
1333 974 1619 1016 Alexandrini
1640 975 1704 1022 (A.
1720 977 1764 1017 P.
1783 977 1844 1017 IX

156 1045 257 1094 356)
269 1047 480 1097 οἵγνυμεν
496 1043 541 1095 ἐξ
555 1045 703 1099 ἑτέρης
714 1046 840 1096 πόμα
857 1045 1056 1096 πίδακος,
1070 1044 1173 1086 ὥστ’
1189 1046 1440 1100 ἀρύσασθαι
1456 1045 1606 1097 ξεῖνον
1619 1048 1842 1099 μουσοπό-

158 1115 238 1155 λου
255 1116 435 1168 γράμμα
444 1113 698 1155 Λεωνίδεω·
718 1115 888 1167 ὁίστιχα
901 1116 984 1170 γὰρ
1004 1117 1224 1169 ψήφοισιν
1244 1116 1450 1168 ἰσάζεται·
1471 1116 1585 1157 ἀλλὰ
1602 1120 1668 1163 σύ,
1684 1117 1844 1170 Μῶμε,

156 1183 273 1236 ἔξιθι
305 1187 396 1236 κείς
430 1185 606 1239 ἑτέρους
640 1183 746 1236 ὀξὺν
780 1185 943 1226 ὀόόντα
968 1183 1123 1239 1305235'2)
1158 1187 1201 1226 et
1228 1184 1418 1239 Philippi
1441 1186 1846 1229 Thessalonicensis

158 1254 223 1304 (A.
249 1254 295 1294 Ρ.
320 1253 385 1294 XI
408 1255 509 1304 321)
545 1256 838 1310 γραμματικοὶ
866 1255 1046 1307 Μώμου
1076 1258 1254 1310 στυγίου
1278 1257 1412 1297 τέκνα
1446 1258 1679 1311 propterea
1701 1257 1846 1299 minus

154 1323 314 1375 tribuo,
349 1324 467 1379 quod
494 1338 518 1365 a
551 1323 819 1365 Callimacho
854 1324 1049 1379 pendere
1082 1327 1280 1379 possunt..
1329 1325 1556 1381 Philippus
1591 1325 1843 1369 Callimachi

156 1394 198 1435 in
233 1394 387 1436 eodem
431 1393 750 1448 epigrammate
794 1394 1065 1437 mentionem
1108 1394 1270 1448 faoit³).
1333 1395 1403 1436 An
1443 1395 1675 1451 opinamur
1713 1398 1844 1439 etiam

154 1464 479 1506 Artemidorum
527 1464 795 1506 Daldianum
843 1464 1113 1506 somniorum
1163 1464 1451 1521 interpretem
1501 1480 1526 1507 a
1577 1467 1844 1510 Callimacho

155 1535 361 1590 pendere,
396 1549 496 1576 cum
519 1534 666 1577 doleat
697 1535 742 1576 in
775 1535 998 1590 prooemio
1033 1536 1223 1591 quodam
1257 1536 1334 1589 (IV
1363 1539 1456 1588 198,
1476 1540 1502 1578 8
1535 1538 1714 1591 Herch.)
1749 1552 1845 1581 esse

154 1605 199 1646 in
231 1604 358 1647 terris
391 1606 585 1647 Momum
618 1608 752 1660 atque
785 1608 964 1648 moneat
996 1607 1209 1648 adversus
1248 1606 1367 1647 illum
1408 1621 1504 1649 esse
1543 1609 1844 1663 pugnandum}

156 1675 315 1717 deinde
364 1675 592 1730 inopinato
641 1690 665 1717 a
707 1676 788 1718 deo
828 1677 973 1718 Momo
1016 1677 1071 1718 ad
1113 1676 1288 1718 criticos
1327 1676 1554 1719 deflectat:
1606 1680 1640 1733 ᾧ
1683 1679 1844 1731 (Momo

154 1745 336 1799 scilicet)
377 1749 461 1802 χρὴ
499 1748 613 1788 κατὰ
650 1747 699 1788 τὸ
732 1747 949 1803 καρτερὸν
982 1748 1245 1789 ἐνίστασθαι
1283 1750 1582 1803 ἐπιστάμενον
1620 1751 1685 1791 ὅτι
1722 1750 1844 1791 πλεί-

154 1832 252 1859 οσιν
285 1818 441 1869 ὅπλοις
475 1819 586 1872 πρὸς
619 1818 672 1859 τὰ
699 1820 930 1873 κρείττονα
952 1822 1043 1859 τῶν
1075 1819 1220 1873 ἔργων
1247 1819 1524 1873 ἀγωνίζεται·
1551 1821 1624 1860 καὶ
1651 1821 1735 1874 γὰρ
1761 1827 1845 1861 νῦν

153 1889 436 1940 αἰσθάνομαί
467 1904 604 1929 τινων
628 1893 718 1940 τοῖς
739 1889 926 1943 βιβλίοις
950 1888 1265 1942 ἐγκαλούντων
1299 1892 1358 1941 ὡς
1390 1894 1481 1931 τῶν
1511 1891 1596 1942 μὲν
1622 1890 1671 1931 ἐν
1694 1893 1845 1942 αὐτοῖς

153 1959 476 2013 γεγραμμένων
510 1959 727 2014 ἀληθείας
765 1960 850 2012 μὲν
893 1957 984 2000 οὐδ’
1021 1961 1170 2000 ὁτιοῦν
1211 1959 1518 2011 ἀποδεόντων,
1563 1963 1613 2001 οὐ
1656 1962 1845 2002 πάντων

153 2029 200 2070 δὲ
245 2028 599 2084 ἐξειργασμένων
639 2027 731 2070 οὐδ’
774 2030 1148 2085 ᾐτιολογημένων,
1191 2030 1282 2071 ἔστι
1328 2029 1375 2071 ὁὲ
1421 2031 1485 2071 ὧν
1531 2031 1604 2071 καὶ
1650 2032 1842 2084 παραλε-

152 2099 407 2151 λειμμένων
445 2100 708 2154 ἀναγκαίων
748 2102 893 2142 ὄντων
926 2103 978 2156 τῇ
1010 2099 1255 2142 &noceo-ec?
1317 2099 1394 2141 Illo
1427 2102 1501 2142 καὶ
1533 2103 1616 2156 γάρ
1649 2101 1844 2142 Momum

153 2171 197 2210 et
230 2168 404 2210 criticos
438 2168 598 2224 quibus
630 2184 860 2225 nunquam
893 2169 1094 2221 satisfiat,
1128 2185 1265 2211 unum
1298 2169 1505 2225 idemque
1538 2184 1634 2213 esse
1656 2170 1843 2212 Artemi-

153 2239 284 2281 dorus
318 2238 549 2281 confessus
577 2242 656 2281 est.
708 2239 764 2281 At
789 2240 1019 2282 credamus
1041 2240 1161 2281 illum
1183 2240 1288 2282 talia
1309 2239 1353 2281 in
1377 2254 1504 2282 suum
1527 2240 1798 2296 prooemium
1822 2256 1845 2284 e

154 2308 421 2351 Callimacho
455 2309 708 2352 derivasse?
762 2311 822 2352 Ut
855 2313 949 2352 erat.
981 2310 1169 2366 scriptor
1201 2309 1307 2352 satis
1340 2310 1548 2365 vulgaris,
1581 2314 1722 2353 τόπον
1754 2312 1842 2354 hel-

152 2379 402 2421 lenisticum
443 2379 488 2421 in
534 2394 661 2421 suum
700 2395 827 2422 usum
868 2379 1102 2423 convertit.
1167 2380 1283 2422 Nihil
1323 2394 1427 2435 ergo
1467 2380 1511 2421 in
1552 2395 1604 2423 ea
1635 2395 1681 2423 re
1716 2381 1843 2423 Calli-

152 2450 334 2491 machus
376 2450 573 2502 novavit,
615 2451 733 2506 quod
765 2451 960 2492 Momum
999 2450 1043 2491 in
1082 2449 1309 2492 hominum
1342 2450 1635 2492 litteratorum
1669 2454 1843 2493 contro-

154 2520 319 2563 versias
346 2520 604 2562 introduxit.
660 2520 828 2563 Pariter
850 2521 1044 2562 Momum
1077 2521 1131 2562 de
1155 2520 1275 2562 caelo
1304 2521 1536 2576 expulsum
1565 2535 1661 2563 esse
1684 2524 1845 2563 norant

153 2604 324 2633 omnes:
348 2590 666 2642 Artemidorua
692 2604 742 2633 eo
769 2591 865 2633 loco
885 2605 1016 2646 quem
1039 2605 1182 2646 nuper
1208 2590 1411 2643 diximus,
1436 2594 1585 2633 narrat
1608 2605 1706 2633 eum
1731 2591 1845 2633 inter

152 2661 352 2703 homines
376 2661 541 2704 versari
570 2662 916 2717 ἀπεληλαμένον
938 2663 1064 2704 θεῶν
1086 2664 1160 2703 καὶ
1183 2662 1432 2714 ὄαιμόνων;
1464 2661 1648 2702 Babrius
1671 2661 1843 2703 disertis

271 2793 296 2836 ¹)
324 2792 423 2826 Haec
453 2795 529 2826 tam
562 2802 631 2825 non
663 2791 830 2826 brevibus
863 2791 1058 2834 disputavi,
1097 2790 1189 2832 quod
1223 2791 1333 2824 Hofer
1362 2792 1398 2823 in
1429 2790 1600 2824 Roscheri
1629 2790 1743 2824 lexico
1775 2790 1843 2835 (III

153 2851 244 2885 2473
259 2850 348 2894 sqq.)
364 2861 434 2884 non
453 2852 573 2884 omnia
593 2854 689 2884 recte
709 2851 916 2892 explicavit,
937 2848 1120 2892 Sophoclis
1139 2852 1176 2882 et
1193 2848 1382 2882 Plutarchi
1400 2849 1496 2882 locos
1515 2849 1626 2882 etiam
1644 2859 1842 2891 perperam.

270 2909 297 2953 ιζ’)
325 2909 613 2951 Comparandum
639 2913 694 2943 est
720 2908 807 2942 illud
834 2909 1066 2942 horatianum
1092 2909 1205 2942 deute
1230 2910 1369 2941 minus
1394 2908 1576 2941 nem-dem·
1602 2908 1748 2941 invido.

271 2968 297 3011 3)
325 2968 499 3001 Cavillari
525 2968 651 3005 voluit,
680 2977 758 3001 cum
785 2967 1042 3011 grammaticos
1068 2966 1177 2999 Momi
1203 2966 1296 3000 filios
1327 2965 1594 3010 Καλλιμάχου
1622 2967 1844 3010 στρατιώτας

153 3027 366 3069 nominaret,
393 3027 551 3060 eiusdem
578 3026 791 3060 Callimachi
817 3027 878 3067 qui
904 3025 1020 3059 Momo
1047 3025 1296 3058 maledixerat.

1587 3083 1629 3116 6*
