2180 3482
388 230 446 271 48
1029 228 1082 263 De
1107 228 1239 272 hymno
1265 228 1443 273 Apollinis

390 335 470 377 sibi
508 334 695 391 patriam
744 338 984 387 asseveret,
1023 349 1127 377 mox
1167 337 1227 389 (v.
1253 337 1306 376 72
1326 337 1440 391 sqq.)
1479 334 1646 378 indicat
1678 335 1857 378 Pindari
1894 336 2079 379 vocibus

388 407 432 448 in
465 409 636 448 mentes
670 419 821 447 eorum
858 404 932 461 qui
962 406 1165 461 legerent
1197 405 1429 448 revocatis.
1495 406 1712 449 Pindarus
1751 406 1868 449 enim
1899 406 1944 448 in
1985 421 2078 450 car-

388 478 505 520 mine
538 477 591 519 de
615 476 893 532 Cyrenarum
925 476 1169 532 originibus
1202 490 1422 532 cyrenaeo
1455 476 1613 520 victori
1645 476 1690 519 in
1722 477 1936 520 honorem
1958 491 2077 521 com-

386 622 504 656 rinum
531 621 573 654 τὰ
602 621 642 655 δὲ
668 619 824 664 Κάρνεα
851 620 913 653 καὶ
940 619 984 663 δὴ
1011 621 1168 664 ἐφέρπει
1194 619 1372 654 dicentem
1398 619 1496 663 fecit,
1523 619 1585 654 ille
1616 622 1744 663 pastor
1774 629 1845 654 non
1871 620 1990 654 minus
2015 623 2081 654 aut

386 681 634 724 Syracusanus
669 682 733 713 aut
768 678 861 713 Cous
893 681 947 712 est
979 687 1086 719 quam
1112 677 1304 721 Thurinus,
1336 688 1420 712 nam
1446 677 1620 712 Comatae
1651 679 1784 722 gratia,
1817 679 1912 713 servi
1951 682 2080 722 poetae

386 741 487 774 0111115
513 749 703 783 personam
728 749 749 772 a
775 737 873 772 fama
899 737 1108 780 accepisset,
1135 747 1303 771 scaenam
1334 737 1372 771 in
1404 747 1490 781 agro
1518 737 1677 771 Thurino
1710 737 1923 772 collocatam
1955 747 2032 772 esse
2058 749 2080 772 a

386 799 577 834 Theocrito
603 798 789 841 perspexit
814 796 1120 831 Wilamowitzius
1147 795 1198 840 (in
1224 795 1329 830 hujus
1356 797 1457 830 mimi
1483 795 1690 839 hypothesi,
1718 796 1779 831 cfr.
1799 806 1937 839 quoque
1965 797 2076 831 Text-

384 858 591 903 geschichte
623 857 684 891 der
716 855 915 890 Bukoliker
942 855 1034 899 166).
1062 875 1104 878 —
1132 854 1458 900 Καρνησσόπολις
1489 865 1618 889 nomen
1651 856 1815 890 civitatis
1850 855 1955 899 Lytti
1986 857 2080 890 anti-

384 929 493 961 quum
525 926 711 961 perperam
742 915 811 949 huc
842 914 1011 955 refertum
1045 913 1133 948 illud
1160 933 1204 938 —
1230 915 1345 957 ησσός
1377 915 1472 949 enim
1502 915 1641 958 pariter
1672 916 1781 956 atque
1814 935 1857 938 —
1890 916 2004 956 ασσός
2035 925 2079 949 110

384 987 553 1022 graecum
587 975 729 1018 quidem
764 974 908 1009 videtur
944 973 1019 1017 (cir.
1044 972 1126 1016 Aly,
1162 973 1265 1007 Kret.
1294 972 1532 1016 Apollonkult
1566 973 1598 1017 8,
1648 973 1729 1008 adn.
1757 973 1803 1018 2).
1854 974 1977 1017 Neque
2010 973 2080 1009 huc

383 1038 544 1080 pertinet
579 1045 707 1069 nomen
743 1034 799 1068 dei
827 1033 986 1067 Carneus
1020 1033 1058 1066 in
1084 1032 1193 1066 titulo
1219 1032 1334 1066 latino
1361 1034 1398 1066 in
1425 1033 1618 1067 Lusitania
1643 1033 1791 1067 invento
1819 1032 1913 1066 CIL
1939 1033 1975 1067 II
1995 1034 2077 1076 125;

385 1096 477 1139 quod
513 1096 623 1129 miror
658 1094 703 1128 ab
738 1093 892 1127 Holdero
931 1093 968 1126 in
1007 1092 1217 1126 thesaurum
1255 1092 1424 1126 celticum
1456 1096 1640 1136 receptum
1673 1102 1760 1135 esse,
1812 1102 1891 1126 cum
1923 1092 2079 1127 editores

383 1159 460 1190 tam
483 1155 713 1189 vehementer
737 1152 915 1195 dubitent,
942 1162 1028 1186 num
1048 1155 1145 1185 recte
1171 1150 1304 1185 lectum
1323 1153 1382 1186 sit.
1411 1172 1453 1175 -—
1479 1152 1684 1186 Pausanias
1709 1151 1763 1185 ΠΙ
1784 1150 1837 1194 13,
1854 1151 1874 1184 4
1897 1151 2079 1195 (similiter

383 1215 437 1249 III
464 1214 519 1257 26,
542 1213 575 1257 7)
609 1215 772 1246 testatur
803 1221 924 1245 omnes
957 1211 1071 1245 Dores
1104 1210 1282 1244 Carneum
1313 1210 1504 1253 honorare,
1538 1211 1702 1245 omnibus
1734 1210 1890 1244 Doribus
1921 1220 2079 1245 mensem

384 1274 562 1308 Carneum
588 1281 730 1306 sacrum
757 1281 832 1305 esse
858 1273 1018 1304 testatus
1044 1272 1124 1304 erat
1149 1269 1379 1313 Thucydides
1404 1270 1437 1305 V
1463 1271 1518 1313 54,
1538 1270 1569 1304 2.
1599 1290 1642 1294 -
1666 1269 1720 1303 De
1746 1269 1922 1313 religione
1948 1269 2079 1304 Carnei

383 1336 560 1377 spartana
586 1341 656 1365 non
683 1333 739 1365 est
765 1340 828 1364 cur
852 1329 1064 1363 testimonia
1090 1339 1336 1373 congeramus,
1365 1339 1445 1363 cum
1471 1332 1636 1364 sescenta
1662 1330 1746 1364 sint.
1798 1327 1896 1363 Satis
1923 1330 1992 1363 erit
2018 1329 2079 1363 ad-

382 1402 524 1426 monere
555 1392 628 1425 iam
654 1390 877 1423 Herodotum
904 1388 989 1432 (VII
1009 1387 1091 1430 206)
1131 1388 1271 1422 Carnea
1303 1391 1479 1432 spartana
1511 1398 1805 1423 commemorasse
1838 1389 1945 1434 (quae
1983 1390 2079 1422 enim

383 1451 471 1486 VIII
498 1450 541 1485 72
567 1449 794 1493 perstringit,
827 1448 946 1482 nescio
980 1457 1027 1481 an
1053 1447 1098 1481 ad
1125 1450 1242 1481 totam
1268 1447 1556 1490 Peloponnesum
1588 1448 1830 1493 pertineant),
1863 1449 1950 1482 item
1983 1447 2077 1482 Thu-

382 1510 544 1554 cydidem
569 1509 602 1544 V
629 1509 683 1551 75,
704 1508 724 1541 2
752 1507 850 1551 (nam
881 1516 965 1540 num
998 1505 1091 1540 alter
1122 1505 1221 1540 locus
1247 1506 1279 1541 V
1306 1506 1360 1549 76,
1382 1507 1399 1539 1
1433 1507 1613 1549 genuinus
1639 1508 1698 1549 sit,
1726 1506 1948 1551 ambigitur).
1999 1506 2077 1541 Iam

382 1570 592 1604 Hellanicus
613 1567 874 1613 Καρνεονίκας
900 1568 937 1600 et
962 1565 1126 1600 versibus
1153 1568 1189 1599 et
1216 1566 1378 1599 oratione
1405 1565 1526 1600 soluta
1551 1566 1775 1609 conscripsit,
1802 1569 1844 1600 ut
1868 1565 2078 1600 Athenaeus

382 1631 436 1664 ait
461 1628 546 1663 XIV
573 1627 640 1661 635
653 1637 681 1669 e,
715 1627 817 1660 euius
848 1625 1099 1660 testimonium
1130 1625 1310 1658 immerito
1342 1625 1379 1658 in
1412 1624 1559 1659 dubium
1590 1626 1753 1659 revocari
1785 1624 1945 1659 ostendit
1975 1624 2078 1658 Felix

380 1688 518 1731 Jacoby
545 1687 598 1731 (P.
618 1686 675 1720 W.
695 1685 786 1721 VIII
806 1684 897 1729 143).
949 1683 1017 1719 Sed
1043 1683 1116 1718 fere
1143 1694 1264 1718 omnes
1290 1683 1432 1728 glossae
1459 1684 1501 1718 de
1527 1684 1626 1718 illius
1651 1683 1737 1718 festi
1772 1683 1905 1718 ritibus
1937 1686 1974 1717 et
1998 1693 2077 1727 per-

383 1749 480 1783 sonis
512 1746 557 1781 ad
589 1755 732 1780 sacrum
758 1747 971 1788 spartanum
1007 1746 1072 1778 aut
1105 1743 1238 1777 diserte
1269 1743 1314 1777 ab
1346 1744 1436 1786 ipsis
1468 1743 1625 1777 testibus
1656 1743 1862 1777 referuntur
1893 1744 1958 1776 aut
1987 1741 2076 1776 refe-

382 1806 514 1842 rendae
548 1815 624 1840 esse
656 1804 836 1839 videntur.
907 1803 1031 1846 Nuper
1064 1813 1147 1836 vero
1179 1803 1429 1836 testimonium
1460 1803 1622 1836 innotuit
1653 1801 1817 1836 omnibus
1855 1811 1946 1844 quae
1977 1804 2076 1835 tene-

381 1867 507 1901 bamus
546 1865 743 1906 vetustius,
789 1862 921 1897 titulus
964 1861 1118 1896 fortasse
1148 1861 1200 1896 VI
1230 1861 1366 1895 saeculi
1397 1861 1680 1906 βουστροφηὸόν
1711 1863 1882 1894 exaratus
1919 1859 2077 1905 (Annual

381 1926 415 1960 01
447 1925 509 1959 the
542 1925 634 1958 Brit.
661 1921 787 1957 School
814 1922 880 1956 XV
906 1921 977 1964 82),
1011 1931 1080 1964 quo
1112 1920 1305 1965 Αἰγλάτας
1337 1925 1393 1954 τόι
1425 1921 1613 1965 Καρνείοι
1645 1918 1891 1964 anaglyphum
1922 1919 2076 1961 dedicat,

381 1995 448 2028 quo
464 1984 590 2018 arietis
609 1992 743 2017 cornua
762 1983 1100 2024 repraesentantur;
1127 1979 1189 2014 ubi
1207 1979 1355 2023 dignum
1374 1982 1429 2013 est
1447 1979 1539 2021 quod
1559 1982 1867 2021 commemoretur,
1895 1977 2073 2012 Carneum

380 2044 537 2078 nondum
563 2041 769 2085 Apollinem
795 2039 982 2083 appellari.
1029 2039 1128 2081 Quae
1154 2039 1330 2072 victoriae
1355 2039 1470 2081 primo
1497 2038 1572 2072 1000
1600 2038 1779 2080 dicuntur,
1807 2037 1962 2071 fortasse
1987 2038 2076 2071 item

379 2103 424 2138 ad
452 2111 585 2147 agones
610 2101 768 2135 Carneos
794 2102 972 2142 spectant.
1003 2118 1045 2121 —
1073 2098 1193 2139 Atque
1219 2107 1289 2131 non
1316 2097 1431 2131 solum
1457 2099 1494 2131 in
1519 2098 1600 2141 ipsa
1625 2097 1722 2140 urbe,
1750 2096 1811 2131 sed
1837 2095 2076 2130 multifariam

379 2164 416 2196 in
442 2172 530 2206 agro
555 2160 716 2194 laconico
745 2158 904 2193 Carneus
930 2156 1096 2191 excultus
1123 2159 1194 2197 est;
1230 2160 1271 2190 ut
1290 2156 1492 2190 Pausanias
1518 2160 1689 2192 testatur.
1718 2155 1845 2198 Gythii
1865 2155 1934 2200 (III
1952 2155 2006 2199 21,
2025 2155 2073 2200 8),

379 2220 501 2264 Oetyli
541 2219 609 2264 (III
635 2219 690 2261 25,
714 2217 782 2260 10),
826 2217 992 2250 Leuctris
1025 2215 1093 2260 (ΙΙΙ
1118 2215 1174 2257 26,
1194 2215 1239 2259 5),
1275 2215 1514 2258 Cardamylae
1542 2215 1609 2259 (ΠΙ
1636 2215 1691 2250 26.
1713 2215 1759 2259 7).
1822 2215 1877 2249 Ad
1915 2218 2075 2249 montem

379 2280 601 2315 Cnacadium
638 2278 701 2313 ubi
738 2277 838 2311 1111115
870 2275 1081 2319 religionem
1112 2274 1274 2308 floruisse
1313 2274 1406 2308 idem
1446 2274 1550 2308 docet
1581 2273 1637 2308 ΠΙ
1663 2274 1717 2317 24,
1737 2273 1768 2317 8,
1807 2283 1922 2317 nuper
1951 2272 2075 2307 herma

378 2341 548 2374 inventus
575 2341 630 2372 est
656 2337 782 2371 arietis
809 2336 928 2378 capite
954 2334 1118 2378 insignis,
1145 2343 1252 2375 quem
1278 2336 1375 2367 recte
1401 2344 1422 2368 a
1449 2332 1644 2367 Schrodero
1671 2332 1816 2377 (Athen.
1835 2332 1934 2367 Mitt.
1952 2332 2074 2366 XXIX

381 2399 480 2441 1904,
508 2399 551 2431 21
567 2396 656 2441 sqq.)
690 2396 793 2439 quasi
819 2394 1001 2437 quandam
1028 2393 1158 2427 Carnei
1191 2392 1346 2436 effigiem
1379 2392 1600 2436 explicatum
1633 2402 1710 2426 esse
1741 2402 1836 2426 nunc
1867 2390 2074 2435 anaglypho

378 2460 550 2501 spartano
578 2455 842 2499 comprobatur.
897 2453 998 2487 Idem
1023 2451 1275 2496 glossographj
1302 2453 1452 2497 κάρυον·
1480 2453 1587 2496 κρίον
1614 2451 1837 2494 explicantes
1863 2450 1988 2484 docere
2013 2460 2073 2493 po-

377 2520 536 2550 tuerunt.
587 2515 629 2549 In
660 2525 739 2549 eam
771 2514 975 2556 opinionem
1006 2511 1152 2554 inc-lino,
1184 2514 1226 2544 ut
1258 2512 1461 2545 existimem
1486 2510 1662 2555 Κρανίου
1689 2512 1842 2554 τέμενος
1872 2509 1962 2543 illud
1992 2510 2073 2543 ἐπί-

377 2575 518 2618 κλησιν
539 2574 783 2619 Στεμματίου
810 2572 931 2617 (Ρο115.
951 2571 1005 2605 ΠΙ
1026 2571 1081 2613 20,
1101 2570 1136 2615 9)
1163 2571 1200 2603 in
1226 2579 1312 2613 agro
1339 2569 1499 2604 laconico
1519 2569 1563 2604 ad
1581 2570 1688 2612 viam,
1715 2579 1807 2610 quae
1825 2569 1862 2602 in
1880 2567 2073 2603 Arcadiam

379 2634 488 2676 ducit,
515 2634 673 2676 positum
700 2632 830 2667 Carnei
856 2641 997 2666 sacrum
1022 2629 1149 2671 fuisse,
1182 2628 1397 2663 vocabulum
1423 2630 1517 2662 enim
1544 2631 1739 2671 cognatum
1764 2627 1857 2669 quod
1883 2629 1939 2661 est
1964 2639 2073 2671 στεμ-

380 2697 558 2738 ματιαῑον
600 2702 679 2727 011111
719 2691 868 2725 Carneis
904 2689 1183 2724 lacedaemoniis
1221 2687 1481 2730 quodammodo
1515 2687 1682 2721 cohaeret
1720 2686 1776 2730 (01.
1803 2685 1955 2728 Hesych.
1987 2696 2014 2720 s.
2038 2695 2070 2719 v.

380 2752 484 2794 17:363
521 2752 654 2786 Anecd.
681 2750 794 2784 Bekk.
828 2750 845 2783 I
878 2749 957 2791 305,
987 2748 1062 2792 31);
1099 2747 1239 2790 pariter
1273 2746 1588 2792 σταφυλοὸρόμος
1622 2747 1659 2780 111
1695 2745 1844 2780 Carneis
1879 2746 2072 2789 στέμματα

377 2811 630 2856 περιθέμενος
657 2810 858 2844 cucurrisse
884 2810 1066 2850 narratur,
1102 2806 1235 2840 Anecd.
1256 2805 1368 2839 Bekk.
1387 2806 1404 2839 I
1422 2806 1501 2848 305,
1517 2805 1572 2838 25.
1629 2804 1755 2838 Nonne
1787 2803 1953 2845 Carnion,
1986 2802 2071 2837 urbs

377 2870 545 2904 arcadica
571 2880 592 2903 a
618 2869 736 2903 Plinio
764 2878 796 2902 11.
816 2868 848 2902 11.
869 2868 920 2903 IV
940 2867 985 2901 30
1017 2867 1306 2907 commemorata,
1341 2865 1463 2898 eodem
1500 2863 1624 2905 faciat,
1664 2866 1705 2897 ut
1730 2862 1963 2896 Wernickius
1989 2871 2070 2895 con-

376 2928 504 2971 tendit,
540 2939 611 2962 non
646 2928 790 2962 omnino
826 2929 986 2967 constat,
1023 2926 1061 2959 τὸ
1093 2924 1268 2968 Κάρνιον
1304 2923 1399 2966 apud
1431 2923 1579 2957 Asinem
1611 2921 1784 2964 Polybius
1816 2923 2071 2955 commemorat

377 2988 408 3022 V
430 2988 483 3030 19,
500 2988 530 3030 4,
565 2987 609 3021 ad
642 2987 826 3021 meridiem
858 2986 973 3030 igitur
999 2993 1125 3019 versus
1151 2982 1421 3016 Lacedaemone
1446 2982 1627 3025 proiectis.
1655 3001 1699 3004 —
1726 2980 1777 3014 Ut
1802 2979 2070 3014 Lacedaemone

377 3056 455 3079 cum
482 3046 638 3080 Pindaro
671 3049 708 3079 et
741 3043 962 3080 Callimacho
997 3043 1150 3078 Theram
1183 3042 1507 3086 transgrediamur,
1542 3041 1591 3074 ibi
1617 3039 1797 3083 Apollinis
1824 3039 1955 3073 Carnei
1987 3037 2068 3072 reli-
