<?xml version="1.0" encoding="UTF-8"?>
<!DOCTYPE html PUBLIC "-//W3C//DTD XHTML 1.0 Transitional//EN"
    "http://www.w3.org/TR/xhtml1/DTD/xhtml1-transitional.dtd">
<html xmlns="http://www.w3.org/1999/xhtml" xml:lang="en" lang="en">
 <head>
  <title>
</title>
<meta http-equiv="Content-Type" content="text/html;charset=utf-8" />
  <meta name='ocr-system' content='tesseract 3.04.00' />
  <meta name='ocr-capabilities' content='ocr_page ocr_carea ocr_par ocr_line ocrx_word'/>
</head>
<body>
  <div class='ocr_page' id='page_1' title='image "./quaestionescalli00pasquoft_0021.png"; bbox 0 0 2180 3482; ppageno 0'>
   <div class='ocr_carea' id='block_1_1' title="bbox 821 228 1815 273">
    <p class='ocr_par' dir='ltr' id='par_1_1' title="bbox 821 228 1815 273">
     <span class='ocr_line' id='line_1_1' title="bbox 821 228 1815 273; baseline 0.001 -10"><span class='ocrx_word' id='word_1_1' title='bbox 821 228 873 262; x_wconf 88' lang='lat' dir='ltr'>De</span> <span class='ocrx_word' id='word_1_2' title='bbox 899 240 956 263; x_wconf 91' lang='lat' dir='ltr'>vv.</span> <span class='ocrx_word' id='word_1_3' title='bbox 977 230 1115 263; x_wconf 81' lang='lat'>17—22</span> <span class='ocrx_word' id='word_1_4' title='bbox 1766 234 1815 273; x_wconf 83' lang='lat'>13</span> 
     </span>
    </p>
   </div>
   <div class='ocr_carea' id='block_1_2' title="bbox 119 333 1837 2299">
    <p class='ocr_par' dir='ltr' id='par_1_2' title="bbox 121 333 1837 1872">
     <span class='ocr_line' id='line_1_2' title="bbox 123 333 1815 390; baseline 0.002 -15"><span class='ocrx_word' id='word_1_5' title='bbox 123 333 162 375; x_wconf 90' lang='grc' dir='ltr'><em>Ω</em></span> <span class='ocrx_word' id='word_1_6' title='bbox 183 335 240 375; x_wconf 85' lang='grc'>88</span> <span class='ocrx_word' id='word_1_7' title='bbox 272 334 380 389; x_wconf 82' lang='grc' dir='ltr'><em>ὄρσο</em></span> <span class='ocrx_word' id='word_1_8' title='bbox 407 334 503 375; x_wconf 81' lang='grc' dir='ltr'><strong><em>Θέτι</em></strong></span> <span class='ocrx_word' id='word_1_9' title='bbox 526 334 673 376; x_wconf 81' lang='grc' dir='ltr'><strong><em>καλέει</em></strong></span> <span class='ocrx_word' id='word_1_10' title='bbox 706 333 894 388; x_wconf 79' lang='lat' dir='ltr'>scripsit,</span> <span class='ocrx_word' id='word_1_11' title='bbox 929 349 1198 390; x_wconf 84' lang='lat' dir='ltr'>quamquam</span> <span class='ocrx_word' id='word_1_12' title='bbox 1231 335 1486 377; x_wconf 85' lang='lat' dir='ltr'>Zenodotus</span> <span class='ocrx_word' id='word_1_13' title='bbox 1518 336 1815 379; x_wconf 73' lang='lat' dir='ltr'>nominativos</span> 
     </span>
     <span class='ocr_line' id='line_1_3' title="bbox 123 403 1815 460; baseline 0.002 -15"><span class='ocrx_word' id='word_1_14' title='bbox 123 403 336 446; x_wconf 89' lang='lat' dir='ltr'>ambobus</span> <span class='ocrx_word' id='word_1_15' title='bbox 359 403 578 459; x_wconf 85' lang='lat' dir='ltr'>prioribus</span> <span class='ocrx_word' id='word_1_16' title='bbox 600 403 708 446; x_wconf 87' lang='lat' dir='ltr'>locis</span> <span class='ocrx_word' id='word_1_17' title='bbox 732 404 824 447; x_wconf 87' lang='lat' dir='ltr'>sive</span> <span class='ocrx_word' id='word_1_18' title='bbox 848 404 951 459; x_wconf 84' lang='lat' dir='ltr'>legit</span> <span class='ocrx_word' id='word_1_19' title='bbox 977 405 1070 447; x_wconf 65' lang='lat' dir='ltr'>sive</span> <span class='ocrx_word' id='word_1_20' title='bbox 1097 405 1244 460; x_wconf 85' lang='lat' dir='ltr'>potius</span> <span class='ocrx_word' id='word_1_21' title='bbox 1271 406 1526 449; x_wconf 85' lang='lat' dir='ltr'>coniectura</span> <span class='ocrx_word' id='word_1_22' title='bbox 1549 407 1688 449; x_wconf 82' lang='lat' dir='ltr'>fretus</span> <span class='ocrx_word' id='word_1_23' title='bbox 1715 408 1815 449; x_wconf 90' lang='lat' dir='ltr'>sub-</span> 
     </span>
     <span class='ocr_line' id='line_1_4' title="bbox 123 473 1816 534; baseline 0.004 -19"><span class='ocrx_word' id='word_1_24' title='bbox 123 474 277 516; x_wconf 84' lang='lat' dir='ltr'>stituit.</span> <span class='ocrx_word' id='word_1_25' title='bbox 302 500 355 504; x_wconf 82' lang='lat'>—</span> <span class='ocrx_word' id='word_1_26' title='bbox 381 473 559 516; x_wconf 84' lang='lat' dir='ltr'>Cithara</span> <span class='ocrx_word' id='word_1_27' title='bbox 585 478 627 516; x_wconf 88' lang='lat' dir='ltr'>et</span> <span class='ocrx_word' id='word_1_28' title='bbox 650 489 777 516; x_wconf 87' lang='lat' dir='ltr'>arcus</span> <span class='ocrx_word' id='word_1_29' title='bbox 800 475 1039 530; x_wconf 88' lang='lat' dir='ltr'>praecipua</span> <span class='ocrx_word' id='word_1_30' title='bbox 1061 475 1275 531; x_wconf 82' lang='lat' dir='ltr'>Apollinis</span> <span class='ocrx_word' id='word_1_31' title='bbox 1299 476 1489 531; x_wconf 76' lang='lat' dir='ltr'>insignia</span> <span class='ocrx_word' id='word_1_32' title='bbox 1512 481 1627 531; x_wconf 73' lang='lat' dir='ltr'>sunt,</span> <span class='ocrx_word' id='word_1_33' title='bbox 1652 480 1700 519; x_wconf 88' lang='lat' dir='ltr'>ut</span> <span class='ocrx_word' id='word_1_34' title='bbox 1722 478 1816 534; x_wconf 82' lang='lat' dir='ltr'>ipse</span> 
     </span>
     <span class='ocr_line' id='line_1_5' title="bbox 121 544 1817 605; baseline 0.004 -20"><span class='ocrx_word' id='word_1_35' title='bbox 121 545 232 587; x_wconf 88' lang='lat' dir='ltr'>haec</span> <span class='ocrx_word' id='word_1_36' title='bbox 255 544 336 586; x_wconf 86' lang='lat' dir='ltr'>sibi</span> <span class='ocrx_word' id='word_1_37' title='bbox 355 544 496 600; x_wconf 90' lang='lat' dir='ltr'>prima</span> <span class='ocrx_word' id='word_1_38' title='bbox 513 544 803 587; x_wconf 72' lang='lat' dir='ltr'>vindicaverit</span> <span class='ocrx_word' id='word_1_39' title='bbox 829 546 888 599; x_wconf 84' lang='lat' dir='ltr'>(h.</span> <span class='ocrx_word' id='word_1_40' title='bbox 904 545 947 586; x_wconf 89' lang='lat' dir='ltr'>in</span> <span class='ocrx_word' id='word_1_41' title='bbox 965 545 1045 600; x_wconf 87' lang='lat' dir='ltr'>Ap.</span> <span class='ocrx_word' id='word_1_42' title='bbox 1061 545 1268 588; x_wconf 87' lang='lat' dir='ltr'>homerici</span> <span class='ocrx_word' id='word_1_43' title='bbox 1294 562 1333 589; x_wconf 70' lang='lat' dir='ltr'>v.</span> <span class='ocrx_word' id='word_1_44' title='bbox 1356 550 1425 587; x_wconf 74' lang='grc'>131</span> <span class='ocrx_word' id='word_1_45' title='bbox 1451 551 1518 603; x_wconf 80' lang='grc' dir='ltr'>εἴη</span> <span class='ocrx_word' id='word_1_46' title='bbox 1539 564 1612 601; x_wconf 80' lang='grc' dir='ltr'><strong><em>μοι</em></strong></span> <span class='ocrx_word' id='word_1_47' title='bbox 1638 551 1817 605; x_wconf 77' lang='grc' dir='ltr'><strong><em>κίθαρίς</em></strong></span> 
     </span>
     <span class='ocr_line' id='line_1_6' title="bbox 123 615 1817 671; baseline 0.002 -14"><span class='ocrx_word' id='word_1_48' title='bbox 123 631 168 657; x_wconf 65' lang='grc' dir='ltr'>τε</span> <span class='ocrx_word' id='word_1_49' title='bbox 201 617 308 671; x_wconf 81' lang='grc' dir='ltr'><strong><em>φίλη</em></strong></span> <span class='ocrx_word' id='word_1_50' title='bbox 342 617 413 657; x_wconf 87' lang='grc' dir='ltr'>καὶ</span> <span class='ocrx_word' id='word_1_51' title='bbox 438 616 652 668; x_wconf 78' lang='grc' dir='ltr'><strong><em>καμπύλα</em></strong></span> <span class='ocrx_word' id='word_1_52' title='bbox 674 616 812 668; x_wconf 76' lang='grc' dir='ltr'><strong><em>τόξα),</em></strong></span> <span class='ocrx_word' id='word_1_53' title='bbox 847 615 1016 671; x_wconf 86' lang='lat' dir='ltr'>reliqua</span> <span class='ocrx_word' id='word_1_54' title='bbox 1048 615 1230 671; x_wconf 88' lang='lat' dir='ltr'>impune</span> <span class='ocrx_word' id='word_1_55' title='bbox 1263 616 1344 658; x_wconf 78' lang='lat' dir='ltr'>sibi</span> <span class='ocrx_word' id='word_1_56' title='bbox 1377 632 1401 659; x_wconf 89' lang='lat' dir='ltr'>a</span> <span class='ocrx_word' id='word_1_57' title='bbox 1434 618 1649 660; x_wconf 78' lang='lat' dir='ltr'>Mercurio</span> <span class='ocrx_word' id='word_1_58' title='bbox 1682 619 1817 662; x_wconf 82' lang='lat' dir='ltr'>fratre</span> 
     </span>
     <span class='ocr_line' id='line_1_7' title="bbox 123 685 1816 740; baseline 0.004 -14"><span class='ocrx_word' id='word_1_59' title='bbox 123 685 293 727; x_wconf 81' lang='lat' dir='ltr'>detrahi</span> <span class='ocrx_word' id='word_1_60' title='bbox 326 700 482 740; x_wconf 88' lang='lat' dir='ltr'>passus</span> <span class='ocrx_word' id='word_1_61' title='bbox 516 685 584 737; x_wconf 89' lang='lat' dir='ltr'>sit,</span> <span class='ocrx_word' id='word_1_62' title='bbox 618 685 685 727; x_wconf 81' lang='lat' dir='ltr'>his</span> <span class='ocrx_word' id='word_1_63' title='bbox 720 689 889 727; x_wconf 82' lang='grc'><strong>1311111111</strong></span> <span class='ocrx_word' id='word_1_64' title='bbox 924 686 1116 728; x_wconf 83' lang='lat' dir='ltr'>timuerit</span> <span class='ocrx_word' id='word_1_65' title='bbox 1152 687 1208 735; x_wconf 91' lang='grc'><strong>(11.</strong></span> <span class='ocrx_word' id='word_1_66' title='bbox 1238 687 1282 728; x_wconf 84' lang='grc'>111</span> <span class='ocrx_word' id='word_1_67' title='bbox 1316 689 1446 730; x_wconf 77' lang='lat' dir='ltr'>Mero.</span> <span class='ocrx_word' id='word_1_68' title='bbox 1476 704 1515 731; x_wconf 90' lang='lat' dir='ltr'>v.</span> <span class='ocrx_word' id='word_1_69' title='bbox 1545 692 1630 730; x_wconf 80' lang='lat'>514</span> <span class='ocrx_word' id='word_1_70' title='bbox 1663 691 1816 739; x_wconf 79' lang='grc' dir='ltr'><strong><em>ὁείὸια,</em></strong></span> 
     </span>
     <span class='ocr_line' id='line_1_8' title="bbox 124 757 1818 816; baseline 0.002 -18"><span class='ocrx_word' id='word_1_71' title='bbox 124 757 333 809; x_wconf 64' lang='grc' dir='ltr'><strong><em>ΝΙαιάὸος</em></strong></span> <span class='ocrx_word' id='word_1_72' title='bbox 365 758 446 808; x_wconf 79' lang='grc' dir='ltr'><strong><em>υἱέ,</em></strong></span> <span class='ocrx_word' id='word_1_73' title='bbox 486 758 687 812; x_wconf 73' lang='grc' dir='ltr'><em>διάκτορε</em></span> <span class='ocrx_word' id='word_1_74' title='bbox 720 759 1028 812; x_wconf 71' lang='grc' dir='ltr'>ποικιλομῆτα,</span> <span class='ocrx_word' id='word_1_75' title='bbox 1061 761 1122 813; x_wconf 76' lang='grc' dir='ltr'>μή</span> <span class='ocrx_word' id='word_1_76' title='bbox 1154 774 1229 811; x_wconf 84' lang='grc' dir='ltr'><strong><em>μοι</em></strong></span> <span class='ocrx_word' id='word_1_77' title='bbox 1261 760 1524 815; x_wconf 77' lang='grc' dir='ltr'><strong><em>ἀνακλέψῃς</em></strong></span> <span class='ocrx_word' id='word_1_78' title='bbox 1557 761 1740 816; x_wconf 72' lang='grc' dir='ltr'><strong><em>κίθαρίν</em></strong></span> <span class='ocrx_word' id='word_1_79' title='bbox 1774 777 1818 803; x_wconf 79' lang='grc' dir='ltr'>τε</span> 
     </span>
     <span class='ocr_line' id='line_1_9' title="bbox 121 827 1815 884; baseline 0.002 -16"><span class='ocrx_word' id='word_1_80' title='bbox 121 829 196 869; x_wconf 85' lang='grc' dir='ltr'>καὶ</span> <span class='ocrx_word' id='word_1_81' title='bbox 227 829 442 880; x_wconf 78' lang='grc' dir='ltr'><strong><em>καμπύλα</em></strong></span> <span class='ocrx_word' id='word_1_82' title='bbox 473 827 610 880; x_wconf 76' lang='grc' dir='ltr'><strong><em>τόξα).</em></strong></span> <span class='ocrx_word' id='word_1_83' title='bbox 646 854 697 856; x_wconf 87' lang='grc'>-</span> <span class='ocrx_word' id='word_1_84' title='bbox 739 827 801 870; x_wconf 79' lang='grc'>19.</span> <span class='ocrx_word' id='word_1_85' title='bbox 829 827 1044 883; x_wconf 77' lang='lat' dir='ltr'>Apollinis</span> <span class='ocrx_word' id='word_1_86' title='bbox 1067 828 1255 882; x_wconf 76' lang='lat' dir='ltr'>Lycorei</span> <span class='ocrx_word' id='word_1_87' title='bbox 1283 843 1532 884; x_wconf 81' lang='lat' dir='ltr'>cognomen</span> <span class='ocrx_word' id='word_1_88' title='bbox 1565 830 1703 872; x_wconf 83' lang='lat' dir='ltr'>rarius</span> <span class='ocrx_word' id='word_1_89' title='bbox 1737 834 1815 873; x_wconf 84' lang='lat' dir='ltr'>est.</span> 
     </span>
     <span class='ocr_line' id='line_1_10' title="bbox 124 895 1816 956; baseline 0.004 -19"><span class='ocrx_word' id='word_1_90' title='bbox 124 895 441 939; x_wconf 73' lang='lat' dir='ltr'>Callimachum</span> <span class='ocrx_word' id='word_1_91' title='bbox 475 898 529 939; x_wconf 87' lang='lat' dir='ltr'>ab</span> <span class='ocrx_word' id='word_1_92' title='bbox 562 898 793 953; x_wconf 87' lang='lat' dir='ltr'>Apollonio</span> <span class='ocrx_word' id='word_1_93' title='bbox 829 898 998 939; x_wconf 80' lang='lat' dir='ltr'>Rhodio</span> <span class='ocrx_word' id='word_1_94' title='bbox 1022 899 1082 940; x_wconf 85' lang='lat' dir='ltr'>IV</span> <span class='ocrx_word' id='word_1_95' title='bbox 1115 900 1223 940; x_wconf 77' lang='lat'>1490</span> <span class='ocrx_word' id='word_1_96' title='bbox 1259 902 1423 952; x_wconf 79' lang='grc' dir='ltr'><strong><em>υἱωνὸς</em></strong></span> <span class='ocrx_word' id='word_1_97' title='bbox 1455 902 1634 956; x_wconf 70' lang='grc' dir='ltr'><strong><em>Φοίβοιο</em></strong></span> <span class='ocrx_word' id='word_1_98' title='bbox 1662 902 1816 944; x_wconf 87' lang='grc' dir='ltr'><strong><em>Λυκω-</em></strong></span> 
     </span>
     <span class='ocr_line' id='line_1_11' title="bbox 124 968 1817 1024; baseline 0.003 -15"><span class='ocrx_word' id='word_1_99' title='bbox 124 970 259 1023; x_wconf 83' lang='grc' dir='ltr'><strong><em>ρείοιο</em></strong></span> <span class='ocrx_word' id='word_1_100' title='bbox 292 968 560 1024; x_wconf 78' lang='grc' dir='ltr'><strong><em>Κάφαυρος)</em></strong></span> <span class='ocrx_word' id='word_1_101' title='bbox 596 982 855 1023; x_wconf 80' lang='lat' dir='ltr'>expressum</span> <span class='ocrx_word' id='word_1_102' title='bbox 905 982 1014 1023; x_wconf 79' lang='lat' dir='ltr'>esse,</span> <span class='ocrx_word' id='word_1_103' title='bbox 1057 982 1146 1010; x_wconf 91' lang='lat' dir='ltr'>non</span> <span class='ocrx_word' id='word_1_104' title='bbox 1188 969 1286 1012; x_wconf 85' lang='lat' dir='ltr'>vice</span> <span class='ocrx_word' id='word_1_105' title='bbox 1319 984 1461 1022; x_wconf 85' lang='lat' dir='ltr'>versa,</span> <span class='ocrx_word' id='word_1_106' title='bbox 1503 971 1608 1012; x_wconf 82' lang='lat' dir='ltr'>inihi</span> <span class='ocrx_word' id='word_1_107' title='bbox 1654 971 1817 1014; x_wconf 88' lang='lat' dir='ltr'>idcirco</span> 
     </span>
     <span class='ocr_line' id='line_1_12' title="bbox 123 1037 1818 1095; baseline 0.002 -14"><span class='ocrx_word' id='word_1_108' title='bbox 123 1037 358 1081; x_wconf 84' lang='lat' dir='ltr'>verisimile</span> <span class='ocrx_word' id='word_1_109' title='bbox 383 1038 569 1090; x_wconf 87' lang='lat' dir='ltr'>videtur,</span> <span class='ocrx_word' id='word_1_110' title='bbox 591 1040 708 1094; x_wconf 87' lang='lat' dir='ltr'>quod</span> <span class='ocrx_word' id='word_1_111' title='bbox 733 1039 929 1094; x_wconf 76' lang='lat' dir='ltr'>epitheta</span> <span class='ocrx_word' id='word_1_112' title='bbox 954 1039 1084 1082; x_wconf 88' lang='lat' dir='ltr'>etiam</span> <span class='ocrx_word' id='word_1_113' title='bbox 1109 1055 1201 1082; x_wconf 92' lang='lat' dir='ltr'>non</span> <span class='ocrx_word' id='word_1_114' title='bbox 1219 1041 1401 1095; x_wconf 79' lang='lat' dir='ltr'>vulgata</span> <span class='ocrx_word' id='word_1_115' title='bbox 1425 1042 1607 1083; x_wconf 87' lang='lat' dir='ltr'>deorum</span> <span class='ocrx_word' id='word_1_116' title='bbox 1631 1042 1818 1084; x_wconf 92' lang='lat' dir='ltr'>nomini-</span> 
     </span>
     <span class='ocr_line' id='line_1_13' title="bbox 123 1107 1817 1164; baseline 0.004 -15"><span class='ocrx_word' id='word_1_117' title='bbox 123 1107 204 1149; x_wconf 91' lang='lat' dir='ltr'>bus</span> <span class='ocrx_word' id='word_1_118' title='bbox 246 1108 291 1149; x_wconf 93' lang='lat' dir='ltr'>in</span> <span class='ocrx_word' id='word_1_119' title='bbox 332 1109 509 1163; x_wconf 86' lang='lat' dir='ltr'>hymnis</span> <span class='ocrx_word' id='word_1_120' title='bbox 551 1109 794 1164; x_wconf 77' lang='lat' dir='ltr'>adiungere</span> <span class='ocrx_word' id='word_1_121' title='bbox 835 1110 1046 1152; x_wconf 88' lang='lat' dir='ltr'>sollemne</span> <span class='ocrx_word' id='word_1_122' title='bbox 1085 1113 1192 1162; x_wconf 90' lang='lat' dir='ltr'>erat,</span> <span class='ocrx_word' id='word_1_123' title='bbox 1238 1126 1326 1152; x_wconf 94' lang='lat' dir='ltr'>non</span> <span class='ocrx_word' id='word_1_124' title='bbox 1370 1111 1431 1153; x_wconf 89' lang='lat' dir='ltr'>ita</span> <span class='ocrx_word' id='word_1_125' title='bbox 1468 1111 1512 1153; x_wconf 92' lang='lat' dir='ltr'>in</span> <span class='ocrx_word' id='word_1_126' title='bbox 1552 1112 1817 1155; x_wconf 82' lang='lat' dir='ltr'>carminibus</span> 
     </span>
     <span class='ocr_line' id='line_1_14' title="bbox 123 1178 1817 1238; baseline 0.003 -17"><span class='ocrx_word' id='word_1_127' title='bbox 123 1178 272 1234; x_wconf 67' lang='lat' dir='ltr'>epicis,</span> <span class='ocrx_word' id='word_1_128' title='bbox 326 1182 475 1221; x_wconf 88' lang='lat' dir='ltr'>essent</span> <span class='ocrx_word' id='word_1_129' title='bbox 525 1179 629 1222; x_wconf 87' lang='lat' dir='ltr'>licet</span> <span class='ocrx_word' id='word_1_130' title='bbox 678 1179 750 1222; x_wconf 87' lang='lat' dir='ltr'>illa</span> <span class='ocrx_word' id='word_1_131' title='bbox 804 1181 934 1222; x_wconf 85' lang='lat' dir='ltr'>docta</span> <span class='ocrx_word' id='word_1_132' title='bbox 950 1180 989 1231; x_wconf 83' lang='lat'>¹).</span> <span class='ocrx_word' id='word_1_133' title='bbox 1069 1181 1326 1236; x_wconf 86' lang='lat' dir='ltr'>Euphorion</span> <span class='ocrx_word' id='word_1_134' title='bbox 1378 1181 1446 1235; x_wconf 82' lang='lat' dir='ltr'>(fr.</span> <span class='ocrx_word' id='word_1_135' title='bbox 1482 1185 1536 1223; x_wconf 80' lang='lat'>92</span> <span class='ocrx_word' id='word_1_136' title='bbox 1581 1183 1817 1238; x_wconf 82' lang='lat' dir='ltr'>Scheidw.)</span> 
     </span>
     <span class='ocr_line' id='line_1_15' title="bbox 124 1249 1818 1309; baseline 0.004 -18"><span class='ocrx_word' id='word_1_137' title='bbox 124 1251 370 1307; x_wconf 82' lang='grc' dir='ltr'><strong><em>ὁπλοτέρου</em></strong></span> <span class='ocrx_word' id='word_1_138' title='bbox 403 1252 439 1292; x_wconf 87' lang='grc' dir='ltr'>τ’</span> <span class='ocrx_word' id='word_1_139' title='bbox 462 1249 668 1306; x_wconf 79' lang='grc' dir='ltr'><strong><em>Ἀχιλῆος</em></strong></span> <span class='ocrx_word' id='word_1_140' title='bbox 701 1254 925 1304; x_wconf 73' lang='grc' dir='ltr'><em>ἀκούομεν</em></span> <span class='ocrx_word' id='word_1_141' title='bbox 949 1253 1239 1307; x_wconf 79' lang='grc' dir='ltr'><strong><em>Εὐρυλόχοιο,</em></strong></span> <span class='ocrx_word' id='word_1_142' title='bbox 1264 1251 1475 1308; x_wconf 79' lang='grc' dir='ltr'><strong><em>Δελφίόες</em></strong></span> <span class='ocrx_word' id='word_1_143' title='bbox 1502 1256 1536 1309; x_wconf 84' lang='grc' dir='ltr'>ᾧ</span> <span class='ocrx_word' id='word_1_144' title='bbox 1564 1258 1652 1297; x_wconf 76' lang='grc' dir='ltr'>ὕπο</span> <span class='ocrx_word' id='word_1_145' title='bbox 1678 1256 1818 1297; x_wconf 84' lang='grc' dir='ltr'><strong><em>καλὸν</em></strong></span> 
     </span>
     <span class='ocr_line' id='line_1_16' title="bbox 124 1323 1817 1380; baseline 0.002 -17"><span class='ocrx_word' id='word_1_146' title='bbox 124 1323 240 1376; x_wconf 69' lang='grc' dir='ltr'><strong><em>ἰήιον</em></strong></span> <span class='ocrx_word' id='word_1_147' title='bbox 280 1323 516 1376; x_wconf 71' lang='grc' dir='ltr'><strong><em>άντήεισαν</em></strong></span> <span class='ocrx_word' id='word_1_148' title='bbox 549 1323 725 1377; x_wconf 85' lang='grc' dir='ltr'><strong><em>Κρῖσαν</em></strong></span> <span class='ocrx_word' id='word_1_149' title='bbox 764 1324 1045 1377; x_wconf 65' lang='grc' dir='ltr'><strong><em>πορθήσαντι</em></strong></span> <span class='ocrx_word' id='word_1_150' title='bbox 1078 1323 1319 1378; x_wconf 78' lang='grc' dir='ltr'><strong><em>Λυκωρὲος</em></strong></span> <span class='ocrx_word' id='word_1_151' title='bbox 1353 1326 1470 1366; x_wconf 80' lang='grc' dir='ltr'><strong><em>οἰκία</em></strong></span> <span class='ocrx_word' id='word_1_152' title='bbox 1509 1324 1676 1380; x_wconf 80' lang='grc' dir='ltr'><strong><em>Φοίβου</em></strong></span> <span class='ocrx_word' id='word_1_153' title='bbox 1713 1325 1817 1367; x_wconf 83' lang='lat' dir='ltr'>illud</span> 
     </span>
     <span class='ocr_line' id='line_1_17' title="bbox 123 1391 1817 1448; baseline 0.002 -15"><span class='ocrx_word' id='word_1_154' title='bbox 123 1391 352 1446; x_wconf 75' lang='lat' dir='ltr'>epitheton</span> <span class='ocrx_word' id='word_1_155' title='bbox 378 1391 481 1433; x_wconf 80' lang='lat' dir='ltr'>inde</span> <span class='ocrx_word' id='word_1_156' title='bbox 507 1391 695 1433; x_wconf 81' lang='lat' dir='ltr'>fortasse</span> <span class='ocrx_word' id='word_1_157' title='bbox 722 1392 954 1443; x_wconf 76' lang='lat' dir='ltr'>derivavit,</span> <span class='ocrx_word' id='word_1_158' title='bbox 983 1393 1101 1435; x_wconf 84' lang='lat' dir='ltr'>unde</span> <span class='ocrx_word' id='word_1_159' title='bbox 1128 1392 1268 1448; x_wconf 83' lang='lat' dir='ltr'>ipsam</span> <span class='ocrx_word' id='word_1_160' title='bbox 1294 1393 1503 1446; x_wconf 85' lang='lat' dir='ltr'>fabulam,</span> <span class='ocrx_word' id='word_1_161' title='bbox 1533 1408 1587 1436; x_wconf 81' lang='lat' dir='ltr'>ex</span> <span class='ocrx_word' id='word_1_162' title='bbox 1622 1395 1817 1437; x_wconf 88' lang='lat' dir='ltr'>eiusdem</span> 
     </span>
     <span class='ocr_line' id='line_1_18' title="bbox 123 1461 1817 1522; baseline 0.004 -19"><span class='ocrx_word' id='word_1_163' title='bbox 123 1461 378 1504; x_wconf 83' lang='lat' dir='ltr'>Callimachi</span> <span class='ocrx_word' id='word_1_164' title='bbox 398 1462 607 1504; x_wconf 85' lang='grc'><strong>31101060.</strong></span> <span class='ocrx_word' id='word_1_165' title='bbox 644 1462 939 1504; x_wconf 80' lang='lat' dir='ltr'>Callimachus</span> <span class='ocrx_word' id='word_1_166' title='bbox 963 1463 1093 1515; x_wconf 88' lang='lat' dir='ltr'>enim,</span> <span class='ocrx_word' id='word_1_167' title='bbox 1119 1466 1167 1505; x_wconf 89' lang='lat' dir='ltr'>ut</span> <span class='ocrx_word' id='word_1_168' title='bbox 1191 1464 1445 1520; x_wconf 86' lang='lat' dir='ltr'>Stephanus</span> <span class='ocrx_word' id='word_1_169' title='bbox 1469 1480 1500 1506; x_wconf 90' lang='lat' dir='ltr'>s.</span> <span class='ocrx_word' id='word_1_170' title='bbox 1524 1481 1561 1508; x_wconf 89' lang='lat' dir='ltr'>v.</span> <span class='ocrx_word' id='word_1_171' title='bbox 1581 1465 1817 1522; x_wconf 86' lang='grc' dir='ltr'><strong><em>Λυκώρεια</em></strong></span> 
     </span>
     <span class='ocr_line' id='line_1_19' title="bbox 122 1532 1819 1591; baseline 0.003 -18"><span class='ocrx_word' id='word_1_172' title='bbox 122 1535 324 1584; x_wconf 88' lang='lat' dir='ltr'>testatur,</span> <span class='ocrx_word' id='word_1_173' title='bbox 359 1533 590 1587; x_wconf 67' lang='lat' dir='ltr'>Lycorean</span> <span class='ocrx_word' id='word_1_174' title='bbox 613 1532 757 1588; x_wconf 87' lang='lat' dir='ltr'>operis</span> <span class='ocrx_word' id='word_1_175' title='bbox 779 1533 928 1576; x_wconf 87' lang='lat' dir='ltr'>nescio</span> <span class='ocrx_word' id='word_1_176' title='bbox 957 1533 1081 1575; x_wconf 87' lang='lat' dir='ltr'>cuius</span> <span class='ocrx_word' id='word_1_177' title='bbox 1114 1536 1163 1576; x_wconf 80' lang='grc' dir='ltr'>ἐν</span> <span class='ocrx_word' id='word_1_178' title='bbox 1195 1541 1255 1590; x_wconf 80' lang='grc' dir='ltr'>τῷ</span> <span class='ocrx_word' id='word_1_179' title='bbox 1289 1538 1419 1591; x_wconf 83' lang='grc' dir='ltr'><strong><em>τρίτῳ</em></strong></span> <span class='ocrx_word' id='word_1_180' title='bbox 1454 1540 1819 1579; x_wconf 85' lang='grc'><strong>601111116111013131</strong></span> 
     </span>
     <span class='ocr_line' id='line_1_20' title="bbox 124 1602 1837 1659; baseline 0.002 -15"><span class='ocrx_word' id='word_1_181' title='bbox 124 1602 191 1656; x_wconf 85' lang='lat' dir='ltr'>(fr.</span> <span class='ocrx_word' id='word_1_182' title='bbox 205 1605 298 1658; x_wconf 81' lang='lat'>31);</span> <span class='ocrx_word' id='word_1_183' title='bbox 324 1603 435 1645; x_wconf 90' lang='lat' dir='ltr'>solet</span> <span class='ocrx_word' id='word_1_184' title='bbox 452 1617 557 1646; x_wconf 72' lang='lat' dir='ltr'>vero</span> <span class='ocrx_word' id='word_1_185' title='bbox 576 1604 834 1659; x_wconf 85' lang='lat' dir='ltr'>Euphorion</span> <span class='ocrx_word' id='word_1_186' title='bbox 854 1604 1172 1646; x_wconf 83' lang='lat' dir='ltr'>Callimachum</span> <span class='ocrx_word' id='word_1_187' title='bbox 1196 1605 1497 1659; x_wconf 72' lang='lat' dir='ltr'>exscribe1·e‘“&#39;).</span> <span class='ocrx_word' id='word_1_188' title='bbox 1532 1607 1837 1650; x_wconf 79' lang='lat' dir='ltr'>Recentiores&#39;</span> 
     </span>
     <span class='ocr_line' id='line_1_21' title="bbox 124 1674 1817 1732; baseline 0.002 -17"><span class='ocrx_word' id='word_1_189' title='bbox 124 1688 213 1715; x_wconf 91' lang='lat' dir='ltr'>non</span> <span class='ocrx_word' id='word_1_190' title='bbox 262 1688 478 1716; x_wconf 86' lang='lat' dir='ltr'>curamus.</span> <span class='ocrx_word' id='word_1_191' title='bbox 564 1674 859 1716; x_wconf 83' lang='lat' dir='ltr'>Callimachus</span> <span class='ocrx_word' id='word_1_192' title='bbox 910 1674 1098 1718; x_wconf 82' lang='lat' dir='ltr'>fortasse</span> <span class='ocrx_word' id='word_1_193' title='bbox 1146 1675 1331 1718; x_wconf 88' lang='lat' dir='ltr'>credidit</span> <span class='ocrx_word' id='word_1_194' title='bbox 1377 1677 1575 1732; x_wconf 88' lang='lat' dir='ltr'>Delphos</span> <span class='ocrx_word' id='word_1_195' title='bbox 1628 1677 1817 1732; x_wconf 88' lang='lat' dir='ltr'>primum</span> 
     </span>
     <span class='ocr_line' id='line_1_22' title="bbox 124 1744 1817 1803; baseline 0.002 -18"><span class='ocrx_word' id='word_1_196' title='bbox 124 1744 349 1799; x_wconf 79' lang='lat' dir='ltr'>Lycoreae</span> <span class='ocrx_word' id='word_1_197' title='bbox 393 1746 507 1802; x_wconf 81' lang='grc' dir='ltr'><strong><em>ὑπὲρ</em></strong></span> <span class='ocrx_word' id='word_1_198' title='bbox 552 1753 629 1788; x_wconf 85' lang='grc' dir='ltr'>τοῦ</span> <span class='ocrx_word' id='word_1_199' title='bbox 675 1750 796 1802; x_wconf 81' lang='grc' dir='ltr'><strong><em>ἱεροῦ</em></strong></span> <span class='ocrx_word' id='word_1_200' title='bbox 836 1744 1073 1797; x_wconf 82' lang='lat' dir='ltr'>habitasse,</span> <span class='ocrx_word' id='word_1_201' title='bbox 1120 1747 1238 1788; x_wconf 85' lang='lat' dir='ltr'>unde</span> <span class='ocrx_word' id='word_1_202' title='bbox 1276 1746 1527 1802; x_wconf 89' lang='lat' dir='ltr'>Apollinem</span> <span class='ocrx_word' id='word_1_203' title='bbox 1567 1748 1817 1803; x_wconf 87' lang='lat' dir='ltr'>delphicum</span> 
     </span>
     <span class='ocr_line' id='line_1_23' title="bbox 122 1815 1024 1872; baseline 0.001 -15"><span class='ocrx_word' id='word_1_204' title='bbox 122 1815 341 1872; x_wconf 87' lang='grc' dir='ltr'><strong><em>Λυκωρέα</em></strong></span> <span class='ocrx_word' id='word_1_205' title='bbox 374 1815 553 1868; x_wconf 87' lang='lat' dir='ltr'>dictum,</span> <span class='ocrx_word' id='word_1_206' title='bbox 587 1815 705 1871; x_wconf 89' lang='lat' dir='ltr'>ipsos</span> <span class='ocrx_word' id='word_1_207' title='bbox 737 1816 1024 1872; x_wconf 58' lang='lat' dir='ltr'>Avufflqezgss).</span> 
     </span>
    </p>

    <p class='ocr_par' dir='ltr' id='par_1_3' title="bbox 119 1886 1817 2299">
     <span class='ocr_line' id='line_1_24' title="bbox 240 1886 1817 1942; baseline 0.001 -13"><span class='ocrx_word' id='word_1_208' title='bbox 240 1886 294 1929; x_wconf 89' lang='grc'>22</span> <span class='ocrx_word' id='word_1_209' title='bbox 328 1900 424 1942; x_wconf 83' lang='lat' dir='ltr'>sqq.</span> <span class='ocrx_word' id='word_1_210' title='bbox 487 1887 596 1928; x_wconf 86' lang='lat' dir='ltr'>Inde</span> <span class='ocrx_word' id='word_1_211' title='bbox 641 1886 696 1928; x_wconf 90' lang='lat' dir='ltr'>ab</span> <span class='ocrx_word' id='word_1_212' title='bbox 729 1887 922 1929; x_wconf 89' lang='lat' dir='ltr'>Homero</span> <span class='ocrx_word' id='word_1_213' title='bbox 957 1887 1013 1939; x_wconf 83' lang='grc' dir='ltr'>(Ω</span> <span class='ocrx_word' id='word_1_214' title='bbox 1045 1889 1145 1938; x_wconf 78' lang='grc'><strong>614)</strong></span> <span class='ocrx_word' id='word_1_215' title='bbox 1186 1887 1354 1930; x_wconf 89' lang='lat' dir='ltr'>Niobae</span> <span class='ocrx_word' id='word_1_216' title='bbox 1397 1887 1530 1930; x_wconf 78' lang='lat' dir='ltr'>fletus</span> <span class='ocrx_word' id='word_1_217' title='bbox 1574 1888 1618 1930; x_wconf 91' lang='lat' dir='ltr'>in</span> <span class='ocrx_word' id='word_1_218' title='bbox 1662 1904 1817 1931; x_wconf 79' lang='lat' dir='ltr'>saxum</span> 
     </span>
     <span class='ocr_line' id='line_1_25' title="bbox 123 1957 1817 2002; baseline 0.002 -4"><span class='ocrx_word' id='word_1_219' title='bbox 123 1970 364 2000; x_wconf 78' lang='lat' dir='ltr'>conversae</span> <span class='ocrx_word' id='word_1_220' title='bbox 387 1957 684 1999; x_wconf 86' lang='lat' dir='ltr'>nobilissimus</span> <span class='ocrx_word' id='word_1_221' title='bbox 707 1957 801 1999; x_wconf 78' lang='lat' dir='ltr'>fuit.</span> <span class='ocrx_word' id='word_1_222' title='bbox 837 1957 1005 2000; x_wconf 87' lang='lat' dir='ltr'>Niobae</span> <span class='ocrx_word' id='word_1_223' title='bbox 1026 1957 1246 2000; x_wconf 89' lang='lat' dir='ltr'>lacrumas</span> <span class='ocrx_word' id='word_1_224' title='bbox 1270 1958 1566 2001; x_wconf 82' lang='lat' dir='ltr'>Callimachus</span> <span class='ocrx_word' id='word_1_225' title='bbox 1588 1960 1817 2002; x_wconf 90' lang='lat' dir='ltr'>humorem</span> 
     </span>
     <span class='ocr_line' id='line_1_26' title="bbox 122 2026 1815 2085; baseline 0.002 -17"><span class='ocrx_word' id='word_1_226' title='bbox 122 2026 227 2069; x_wconf 84' lang='lat' dir='ltr'>dicit</span> <span class='ocrx_word' id='word_1_227' title='bbox 260 2041 283 2069; x_wconf 90' lang='lat' dir='ltr'>e</span> <span class='ocrx_word' id='word_1_228' title='bbox 311 2027 451 2083; x_wconf 77' lang='lat' dir='ltr'>Sipyli</span> <span class='ocrx_word' id='word_1_229' title='bbox 483 2042 593 2083; x_wconf 88' lang='lat' dir='ltr'>rupe</span> <span class='ocrx_word' id='word_1_230' title='bbox 620 2028 914 2080; x_wconf 86' lang='lat' dir='ltr'>delabentem,</span> <span class='ocrx_word' id='word_1_231' title='bbox 948 2031 997 2070; x_wconf 88' lang='lat' dir='ltr'>ut</span> <span class='ocrx_word' id='word_1_232' title='bbox 1025 2028 1268 2084; x_wconf 81' lang='lat' dir='ltr'>Sophocles</span> <span class='ocrx_word' id='word_1_233' title='bbox 1290 2029 1440 2084; x_wconf 81' lang='lat' dir='ltr'>Antig.</span> <span class='ocrx_word' id='word_1_234' title='bbox 1464 2032 1548 2071; x_wconf 79' lang='lat'>827</span> <span class='ocrx_word' id='word_1_235' title='bbox 1583 2030 1815 2085; x_wconf 81' lang='lat' dir='ltr'>scripserat</span> 
     </span>
     <span class='ocr_line' id='line_1_27' title="bbox 121 2100 1815 2155; baseline 0.002 -15"><span class='ocrx_word' id='word_1_236' title='bbox 121 2101 198 2140; x_wconf 87' lang='grc' dir='ltr'>καί</span> <span class='ocrx_word' id='word_1_237' title='bbox 222 2114 294 2140; x_wconf 90' lang='grc' dir='ltr'><strong><em>νιν</em></strong></span> <span class='ocrx_word' id='word_1_238' title='bbox 321 2100 481 2154; x_wconf 80' lang='grc' dir='ltr'><strong><em>ὄμβροι</em></strong></span> <span class='ocrx_word' id='word_1_239' title='bbox 506 2101 774 2152; x_wconf 75' lang='grc' dir='ltr'><strong><em>τακομέναν,</em></strong></span> <span class='ocrx_word' id='word_1_240' title='bbox 804 2102 863 2152; x_wconf 85' lang='grc' dir='ltr'>ὡς</span> <span class='ocrx_word' id='word_1_241' title='bbox 887 2101 1016 2154; x_wconf 81' lang='grc' dir='ltr'><strong><em>φάτις</em></strong></span> <span class='ocrx_word' id='word_1_242' title='bbox 1039 2101 1232 2155; x_wconf 77' lang='grc' dir='ltr'><strong><em>ἀνδρῶν,</em></strong></span> <span class='ocrx_word' id='word_1_243' title='bbox 1260 2103 1372 2154; x_wconf 88' lang='grc' dir='ltr'><strong><em>χιών</em></strong></span> <span class='ocrx_word' id='word_1_244' title='bbox 1398 2102 1435 2142; x_wconf 73' lang='grc' dir='ltr'>τ’</span> <span class='ocrx_word' id='word_1_245' title='bbox 1459 2102 1633 2154; x_wconf 72' lang='grc' dir='ltr'><strong><em>οὐδαμὰ</em></strong></span> <span class='ocrx_word' id='word_1_246' title='bbox 1659 2103 1815 2150; x_wconf 81' lang='grc' dir='ltr'><strong><em>λείπει,</em></strong></span> 
     </span>
     <span class='ocr_line' id='line_1_28' title="bbox 119 2170 1815 2226; baseline 0.002 -15"><span class='ocrx_word' id='word_1_247' title='bbox 119 2170 262 2224; x_wconf 85' lang='grc' dir='ltr'><strong><em>τέγγει</em></strong></span> <span class='ocrx_word' id='word_1_248' title='bbox 284 2170 322 2211; x_wconf 75' lang='grc' dir='ltr'>δ’</span> <span class='ocrx_word' id='word_1_249' title='bbox 345 2171 422 2211; x_wconf 81' lang='grc' dir='ltr'>ὑπ’</span> <span class='ocrx_word' id='word_1_250' title='bbox 447 2172 605 2225; x_wconf 82' lang='grc' dir='ltr'><strong><em>ὀφρύσι</em></strong></span> <span class='ocrx_word' id='word_1_251' title='bbox 629 2171 928 2225; x_wconf 77' lang='grc' dir='ltr'><strong><em>παγκλαύτοις</em></strong></span> <span class='ocrx_word' id='word_1_252' title='bbox 952 2170 1171 2226; x_wconf 73' lang='grc' dir='ltr'><strong><em>δειράδας.</em></strong></span> <span class='ocrx_word' id='word_1_253' title='bbox 1198 2196 1250 2200; x_wconf 72' lang='lat'>—</span> <span class='ocrx_word' id='word_1_254' title='bbox 1276 2170 1329 2214; x_wconf 78' lang='grc'>23</span> <span class='ocrx_word' id='word_1_255' title='bbox 1355 2186 1449 2226; x_wconf 80' lang='lat' dir='ltr'>sqq.</span> <span class='ocrx_word' id='word_1_256' title='bbox 1474 2172 1542 2212; x_wconf 82' lang='lat' dir='ltr'>Ex</span> <span class='ocrx_word' id='word_1_257' title='bbox 1563 2172 1718 2214; x_wconf 89' lang='lat' dir='ltr'>eodem</span> <span class='ocrx_word' id='word_1_258' title='bbox 1738 2173 1815 2214; x_wconf 79' lang='lat' dir='ltr'>So—</span> 
     </span>
     <span class='ocr_line' id='line_1_29' title="bbox 121 2239 1817 2299; baseline 0.003 -19"><span class='ocrx_word' id='word_1_259' title='bbox 121 2239 289 2294; x_wconf 90' lang='lat' dir='ltr'>phoclis</span> <span class='ocrx_word' id='word_1_260' title='bbox 311 2240 407 2282; x_wconf 92' lang='lat' dir='ltr'>loco</span> <span class='ocrx_word' id='word_1_261' title='bbox 433 2242 586 2291; x_wconf 57' lang='lat' dir='ltr'>(usas</span> <span class='ocrx_word' id='word_1_262' title='bbox 603 2246 715 2296; x_wconf 81' lang='lat' dir='ltr'>sqq.)</span> <span class='ocrx_word' id='word_1_263' title='bbox 736 2244 903 2296; x_wconf 71' lang='grc' dir='ltr'><strong><em>ἤκουσα</em></strong></span> <span class='ocrx_word' id='word_1_264' title='bbox 927 2241 980 2296; x_wconf 72' lang='grc' dir='ltr'>ὁὶ]</span> <span class='ocrx_word' id='word_1_265' title='bbox 1003 2241 1284 2297; x_wconf 89' lang='grc' dir='ltr'><strong><em>λυγροτάταν</em></strong></span> <span class='ocrx_word' id='word_1_266' title='bbox 1304 2243 1489 2284; x_wconf 74' lang='grc' dir='ltr'><strong><em>ὀλέσθαι</em></strong></span> <span class='ocrx_word' id='word_1_267' title='bbox 1513 2243 1595 2284; x_wconf 86' lang='grc' dir='ltr'>τάν</span> <span class='ocrx_word' id='word_1_268' title='bbox 1619 2243 1817 2299; x_wconf 79' lang='grc' dir='ltr'><strong><em>Φρυγίαν</em></strong></span> 
     </span>
    </p>
   </div>
   <div class='ocr_carea' id='block_1_3' title="bbox 250 2338 401 2340">
    <p class='ocr_par' dir='ltr' id='par_1_4' title="bbox 250 2338 401 2340">
     <span class='ocr_line' id='line_1_30' title="bbox 250 2338 401 2340; baseline 0 0"><span class='ocrx_word' id='word_1_269' title='bbox 250 2338 401 2340; x_wconf 95' lang='lat' dir='ltr'> </span> 
     </span>
    </p>
   </div>
   <div class='ocr_carea' id='block_1_4' title="bbox 118 2381 1817 3062">
    <p class='ocr_par' dir='ltr' id='par_1_5' title="bbox 120 2381 1814 2474">
     <span class='ocr_line' id='line_1_31' title="bbox 240 2381 1814 2429; baseline 0.001 -14"><span class='ocrx_word' id='word_1_270' title='bbox 240 2382 265 2426; x_wconf 85' lang='grc'>1)</span> <span class='ocrx_word' id='word_1_271' title='bbox 292 2381 392 2423; x_wconf 82' lang='lat' dir='ltr'>Quod</span> <span class='ocrx_word' id='word_1_272' title='bbox 430 2382 523 2415; x_wconf 87' lang='lat' dir='ltr'>idem</span> <span class='ocrx_word' id='word_1_273' title='bbox 560 2382 714 2416; x_wconf 84' lang='lat' dir='ltr'>barbaro</span> <span class='ocrx_word' id='word_1_274' title='bbox 751 2382 879 2425; x_wconf 84' lang='lat' dir='ltr'>Amyci</span> <span class='ocrx_word' id='word_1_275' title='bbox 914 2383 1081 2416; x_wconf 87' lang='lat' dir='ltr'>ministro</span> <span class='ocrx_word' id='word_1_276' title='bbox 1117 2381 1297 2427; x_wconf 86' lang='grc' dir='ltr'><strong><em>Λυκωρέα</em></strong></span> <span class='ocrx_word' id='word_1_277' title='bbox 1334 2393 1463 2417; x_wconf 85' lang='lat' dir='ltr'>nomen</span> <span class='ocrx_word' id='word_1_278' title='bbox 1498 2383 1630 2418; x_wconf 80' lang='lat' dir='ltr'>indidit</span> <span class='ocrx_word' id='word_1_279' title='bbox 1670 2384 1719 2428; x_wconf 85' lang='lat' dir='ltr'>(II</span> <span class='ocrx_word' id='word_1_280' title='bbox 1745 2385 1814 2429; x_wconf 75' lang='lat'>51),</span> 
     </span>
     <span class='ocr_line' id='line_1_32' title="bbox 120 2440 561 2474; baseline 0.002 -1"><span class='ocrx_word' id='word_1_281' title='bbox 120 2443 339 2474; x_wconf 79' lang='lat' dir='ltr'>momentum</span> <span class='ocrx_word' id='word_1_282' title='bbox 364 2451 434 2474; x_wconf 90' lang='lat' dir='ltr'>non</span> <span class='ocrx_word' id='word_1_283' title='bbox 460 2440 561 2474; x_wconf 79' lang='lat' dir='ltr'>facit.</span> 
     </span>
    </p>

    <p class='ocr_par' dir='ltr' id='par_1_6' title="bbox 119 2499 1817 2710">
     <span class='ocr_line' id='line_1_33' title="bbox 237 2499 1815 2546; baseline 0.001 -14"><span class='ocrx_word' id='word_1_284' title='bbox 237 2499 264 2543; x_wconf 72' lang='lat'>²)</span> <span class='ocrx_word' id='word_1_285' title='bbox 292 2499 391 2541; x_wconf 80' lang='lat' dir='ltr'>Quae</span> <span class='ocrx_word' id='word_1_286' title='bbox 423 2499 596 2534; x_wconf 87' lang='lat' dir='ltr'>adversus</span> <span class='ocrx_word' id='word_1_287' title='bbox 622 2500 945 2533; x_wconf 88' lang='lat' dir='ltr'>Wilamowitzium</span> <span class='ocrx_word' id='word_1_288' title='bbox 976 2510 1112 2541; x_wconf 90' lang='lat' dir='ltr'>moneo,</span> <span class='ocrx_word' id='word_1_289' title='bbox 1152 2501 1213 2541; x_wconf 89' lang='lat' dir='ltr'>qui</span> <span class='ocrx_word' id='word_1_290' title='bbox 1252 2499 1409 2544; x_wconf 85' lang='lat' dir='ltr'>(Sappho</span> <span class='ocrx_word' id='word_1_291' title='bbox 1435 2511 1467 2534; x_wconf 88' lang='lat' dir='ltr'>u.</span> <span class='ocrx_word' id='word_1_292' title='bbox 1496 2499 1706 2544; x_wconf 86' lang='lat' dir='ltr'>Simonides,</span> <span class='ocrx_word' id='word_1_293' title='bbox 1734 2502 1815 2546; x_wconf 72' lang='lat'>294)</span> 
     </span>
     <span class='ocr_line' id='line_1_34' title="bbox 120 2558 1817 2602; baseline 0.002 -11"><span class='ocrx_word' id='word_1_294' title='bbox 120 2558 278 2592; x_wconf 88' lang='lat' dir='ltr'>iudicare</span> <span class='ocrx_word' id='word_1_295' title='bbox 311 2558 455 2592; x_wconf 86' lang='lat' dir='ltr'>videtur</span> <span class='ocrx_word' id='word_1_296' title='bbox 480 2558 745 2600; x_wconf 85' lang='lat' dir='ltr'>Euphorionem</span> <span class='ocrx_word' id='word_1_297' title='bbox 779 2569 821 2592; x_wconf 85' lang='lat' dir='ltr'>ex</span> <span class='ocrx_word' id='word_1_298' title='bbox 853 2560 930 2601; x_wconf 84' lang='lat' dir='ltr'>ipso</span> <span class='ocrx_word' id='word_1_299' title='bbox 963 2558 1028 2591; x_wconf 83' lang='lat' dir='ltr'>hoc</span> <span class='ocrx_word' id='word_1_300' title='bbox 1055 2558 1267 2592; x_wconf 84' lang='lat' dir='ltr'>Callimachi</span> <span class='ocrx_word' id='word_1_301' title='bbox 1298 2559 1375 2593; x_wconf 85' lang='lat' dir='ltr'>loco</span> <span class='ocrx_word' id='word_1_302' title='bbox 1403 2559 1614 2602; x_wconf 76' lang='lat' dir='ltr'>epithetum,</span> <span class='ocrx_word' id='word_1_303' title='bbox 1641 2560 1734 2602; x_wconf 86' lang='lat' dir='ltr'>quod</span> <span class='ocrx_word' id='word_1_304' title='bbox 1761 2563 1817 2595; x_wconf 82' lang='lat' dir='ltr'>est</span> 
     </span>
     <span class='ocr_line' id='line_1_35' title="bbox 120 2615 1816 2663; baseline 0.001 -14"><span class='ocrx_word' id='word_1_305' title='bbox 120 2615 330 2661; x_wconf 82' lang='grc' dir='ltr'><strong><em>Λυκωρεύς,</em></strong></span> <span class='ocrx_word' id='word_1_306' title='bbox 356 2617 393 2650; x_wconf 84' lang='lat' dir='ltr'>in</span> <span class='ocrx_word' id='word_1_307' title='bbox 412 2627 516 2650; x_wconf 84' lang='lat' dir='ltr'>suum</span> <span class='ocrx_word' id='word_1_308' title='bbox 542 2627 646 2650; x_wconf 86' lang='lat' dir='ltr'>usum</span> <span class='ocrx_word' id='word_1_309' title='bbox 666 2618 903 2651; x_wconf 82' lang='lat' dir='ltr'>convertisse:</span> <span class='ocrx_word' id='word_1_310' title='bbox 931 2618 1132 2659; x_wconf 71' lang='grc' dir='ltr'><strong><em>ἀντήεισαν</em></strong></span> <span class='ocrx_word' id='word_1_311' title='bbox 1152 2628 1194 2651; x_wconf 78' lang='lat' dir='ltr'>ex</span> <span class='ocrx_word' id='word_1_312' title='bbox 1212 2619 1474 2662; x_wconf 83' lang='grc' dir='ltr'><strong><em>ἀντηγώνισαν</em></strong></span> <span class='ocrx_word' id='word_1_313' title='bbox 1492 2619 1567 2652; x_wconf 81' lang='lat' dir='ltr'>sive</span> <span class='ocrx_word' id='word_1_314' title='bbox 1586 2620 1816 2663; x_wconf 74' lang='grc' dir='ltr'><strong><em>ἀντεγόησαν</em></strong></span> 
     </span>
     <span class='ocr_line' id='line_1_36' title="bbox 119 2675 548 2710; baseline 0.002 -1"><span class='ocrx_word' id='word_1_315' title='bbox 119 2676 206 2709; x_wconf 82' lang='lat' dir='ltr'>fecit</span> <span class='ocrx_word' id='word_1_316' title='bbox 232 2675 548 2710; x_wconf 88' lang='lat' dir='ltr'>Wilamowitzius.</span> 
     </span>
    </p>

    <p class='ocr_par' dir='ltr' id='par_1_7' title="bbox 118 2734 1815 3062">
     <span class='ocr_line' id='line_1_37' title="bbox 239 2734 1815 2779; baseline 0.001 -11"><span class='ocrx_word' id='word_1_317' title='bbox 239 2734 265 2779; x_wconf 76' lang='lat'>³)</span> <span class='ocrx_word' id='word_1_318' title='bbox 293 2734 363 2768; x_wconf 88' lang='lat' dir='ltr'>Cfr.</span> <span class='ocrx_word' id='word_1_319' title='bbox 384 2734 425 2768; x_wconf 90' lang='lat' dir='ltr'>de</span> <span class='ocrx_word' id='word_1_320' title='bbox 444 2735 627 2777; x_wconf 88' lang='lat' dir='ltr'>Lycoreae</span> <span class='ocrx_word' id='word_1_321' title='bbox 653 2736 728 2769; x_wconf 92' lang='lat' dir='ltr'>situ</span> <span class='ocrx_word' id='word_1_322' title='bbox 754 2738 791 2768; x_wconf 88' lang='lat' dir='ltr'>et</span> <span class='ocrx_word' id='word_1_323' title='bbox 810 2734 937 2768; x_wconf 85' lang='lat' dir='ltr'>incolis</span> <span class='ocrx_word' id='word_1_324' title='bbox 957 2734 1086 2768; x_wconf 83' lang='lat' dir='ltr'>Strabo</span> <span class='ocrx_word' id='word_1_325' title='bbox 1115 2734 1168 2768; x_wconf 87' lang='lat' dir='ltr'>IX</span> <span class='ocrx_word' id='word_1_326' title='bbox 1186 2735 1301 2778; x_wconf 76' lang='lat'>4181).</span> <span class='ocrx_word' id='word_1_327' title='bbox 1317 2736 1396 2778; x_wconf 76' lang='lat'>590,</span> <span class='ocrx_word' id='word_1_328' title='bbox 1414 2736 1432 2769; x_wconf 82' lang='lat'>1</span> <span class='ocrx_word' id='word_1_329' title='bbox 1446 2736 1511 2778; x_wconf 85' lang='lat' dir='ltr'>M.;</span> <span class='ocrx_word' id='word_1_330' title='bbox 1540 2735 1581 2769; x_wconf 90' lang='lat' dir='ltr'>de</span> <span class='ocrx_word' id='word_1_331' title='bbox 1596 2736 1815 2778; x_wconf 86' lang='lat' dir='ltr'>Delphorum</span> 
     </span>
     <span class='ocr_line' id='line_1_38' title="bbox 120 2793 1814 2840; baseline 0.001 -13"><span class='ocrx_word' id='word_1_332' title='bbox 120 2794 330 2837; x_wconf 84' lang='lat' dir='ltr'>cognomine</span> <span class='ocrx_word' id='word_1_333' title='bbox 367 2794 460 2836; x_wconf 90' lang='lat' dir='ltr'>quod</span> <span class='ocrx_word' id='word_1_334' title='bbox 500 2798 579 2828; x_wconf 87' lang='lat' dir='ltr'>erat</span> <span class='ocrx_word' id='word_1_335' title='bbox 606 2793 797 2839; x_wconf 67' lang='grc' dir='ltr'><strong><em>Λυκωρεῑς</em></strong></span> <span class='ocrx_word' id='word_1_336' title='bbox 823 2794 884 2827; x_wconf 80' lang='lat' dir='ltr'>cfr.</span> <span class='ocrx_word' id='word_1_337' title='bbox 912 2793 1019 2827; x_wconf 90' lang='lat' dir='ltr'>schol.</span> <span class='ocrx_word' id='word_1_338' title='bbox 1047 2793 1092 2826; x_wconf 88' lang='lat' dir='ltr'>ad</span> <span class='ocrx_word' id='word_1_339' title='bbox 1118 2794 1235 2836; x_wconf 84' lang='lat' dir='ltr'>Apoll.</span> <span class='ocrx_word' id='word_1_340' title='bbox 1264 2794 1373 2828; x_wconf 90' lang='lat' dir='ltr'>Rhod.</span> <span class='ocrx_word' id='word_1_341' title='bbox 1402 2795 1453 2830; x_wconf 95' lang='lat' dir='ltr'>IV</span> <span class='ocrx_word' id='word_1_342' title='bbox 1482 2795 1580 2828; x_wconf 78' lang='lat'>1490.</span> <span class='ocrx_word' id='word_1_343' title='bbox 1634 2794 1814 2840; x_wconf 78' lang='grc' dir='ltr'><strong><em>Λυκωρέα</em></strong></span> 
     </span>
     <span class='ocr_line' id='line_1_39' title="bbox 118 2852 1814 2897; baseline 0.002 -12"><span class='ocrx_word' id='word_1_344' title='bbox 118 2852 273 2887; x_wconf 84' lang='lat' dir='ltr'>Parnasi</span> <span class='ocrx_word' id='word_1_345' title='bbox 299 2862 469 2886; x_wconf 84' lang='lat' dir='ltr'>cacumen</span> <span class='ocrx_word' id='word_1_346' title='bbox 496 2854 791 2886; x_wconf 86' lang='lat' dir='ltr'>commemoravit</span> <span class='ocrx_word' id='word_1_347' title='bbox 819 2853 998 2886; x_wconf 82' lang='lat' dir='ltr'>Lucianus</span> <span class='ocrx_word' id='word_1_348' title='bbox 1026 2852 1164 2889; x_wconf 76' lang='lat' dir='ltr'>Timon.</span> <span class='ocrx_word' id='word_1_349' title='bbox 1194 2853 1271 2886; x_wconf 81' lang='lat'>106.</span> <span class='ocrx_word' id='word_1_350' title='bbox 1323 2853 1376 2886; x_wconf 91' lang='lat' dir='ltr'>De</span> <span class='ocrx_word' id='word_1_351' title='bbox 1403 2854 1539 2896; x_wconf 85' lang='lat' dir='ltr'>Lycoro</span> <span class='ocrx_word' id='word_1_352' title='bbox 1572 2853 1628 2887; x_wconf 87' lang='lat' dir='ltr'>vel</span> <span class='ocrx_word' id='word_1_353' title='bbox 1655 2853 1814 2897; x_wconf 87' lang='lat' dir='ltr'>Lycoreo</span> 
     </span>
     <span class='ocr_line' id='line_1_40' title="bbox 118 2910 1814 2956; baseline 0.001 -12"><span class='ocrx_word' id='word_1_354' title='bbox 118 2921 202 2955; x_wconf 84' lang='lat' dir='ltr'>rege</span> <span class='ocrx_word' id='word_1_355' title='bbox 228 2911 410 2954; x_wconf 85' lang='lat' dir='ltr'>Lycoreae</span> <span class='ocrx_word' id='word_1_356' title='bbox 427 2922 614 2954; x_wconf 83' lang='lat' dir='ltr'>eponymo,</span> <span class='ocrx_word' id='word_1_357' title='bbox 633 2911 812 2954; x_wconf 85' lang='lat' dir='ltr'>Apollinis</span> <span class='ocrx_word' id='word_1_358' title='bbox 830 2921 848 2945; x_wconf 88' lang='lat' dir='ltr'>e</span> <span class='ocrx_word' id='word_1_359' title='bbox 866 2910 1024 2953; x_wconf 83' lang='lat' dir='ltr'>nympha</span> <span class='ocrx_word' id='word_1_360' title='bbox 1043 2910 1194 2953; x_wconf 86' lang='lat' dir='ltr'>Corycia</span> <span class='ocrx_word' id='word_1_361' title='bbox 1211 2911 1287 2945; x_wconf 76' lang='lat' dir='ltr'>filio</span> <span class='ocrx_word' id='word_1_362' title='bbox 1306 2913 1517 2946; x_wconf 84' lang='lat' dir='ltr'>testimonia</span> <span class='ocrx_word' id='word_1_363' title='bbox 1537 2912 1814 2956; x_wconf 83' lang='lat' dir='ltr'>diligentissime</span> 
     </span>
     <span class='ocr_line' id='line_1_41' title="bbox 119 2969 1814 3014; baseline 0.002 -12"><span class='ocrx_word' id='word_1_364' title='bbox 119 2970 191 3002; x_wconf 83' lang='lat' dir='ltr'>iam</span> <span class='ocrx_word' id='word_1_365' title='bbox 212 2969 408 3013; x_wconf 83' lang='lat' dir='ltr'>collegerat</span> <span class='ocrx_word' id='word_1_366' title='bbox 421 2969 460 3004; x_wconf 92' lang='lat' dir='ltr'>O.</span> <span class='ocrx_word' id='word_1_367' title='bbox 479 2970 583 3011; x_wconf 80' lang='lat' dir='ltr'>Jahn,</span> <span class='ocrx_word' id='word_1_368' title='bbox 612 2970 820 3004; x_wconf 71' lang='lat' dir='ltr'>Saohsische</span> <span class='ocrx_word' id='word_1_369' title='bbox 846 2969 1012 3004; x_wconf 72' lang='lat' dir='ltr'>Berichte</span> <span class='ocrx_word' id='word_1_370' title='bbox 1031 2970 1047 3002; x_wconf 87' lang='grc' dir='ltr'>Ι</span> <span class='ocrx_word' id='word_1_371' title='bbox 1066 2970 1135 3003; x_wconf 80' lang='grc'>416</span> <span class='ocrx_word' id='word_1_372' title='bbox 1153 2980 1245 3012; x_wconf 84' lang='lat' dir='ltr'>sqq.;</span> <span class='ocrx_word' id='word_1_373' title='bbox 1273 2971 1333 3004; x_wconf 71' lang='lat' dir='ltr'>cfr.</span> <span class='ocrx_word' id='word_1_374' title='bbox 1359 2972 1586 3014; x_wconf 81' lang='lat' dir='ltr'>potissimum</span> <span class='ocrx_word' id='word_1_375' title='bbox 1610 2972 1814 3006; x_wconf 87' lang='lat' dir='ltr'>Pausanias</span> 
     </span>
     <span class='ocr_line' id='line_1_42' title="bbox 119 3027 267 3062; baseline 0 -1"><span class='ocrx_word' id='word_1_376' title='bbox 119 3027 152 3061; x_wconf 93' lang='lat' dir='ltr'><strong>X</strong></span> <span class='ocrx_word' id='word_1_377' title='bbox 178 3027 209 3062; x_wconf 87' lang='lat'>6.</span> <span class='ocrx_word' id='word_1_378' title='bbox 236 3028 267 3061; x_wconf 85' lang='lat'>2.</span> 
     </span>
    </p>
   </div>
  </div>
 </body>
</html>
