2180 3482
317 221 373 261 56
959 215 1013 249 De
1039 214 1170 257 hymno
1195 212 1376 256 Apollinis

317 324 493 380 agmine
527 326 567 366 et
603 323 657 364 de
688 320 869 364 Achivis
903 320 1051 363 avium
1083 333 1206 362 more
1239 334 1339 362 cum
1377 317 1565 374 strepitu
1595 316 1870 373 fugientibus
1909 315 2014 357 dicti

317 395 490 451 repetit.
554 393 611 434 At
645 391 955 435 vehementiae
987 390 1108 433 notio
1144 404 1170 432 a
1199 389 1330 432 tertio
1371 391 1492 432 certe
1528 389 1625 431 loco
1659 401 1839 443 prorsus
1871 386 2016 428 aliena

319 469 407 517 est3
449 465 585 506 densa
619 464 773 504 contra
813 464 861 503 ut
893 461 996 503 lana
1027 461 1089 502 ita
1121 463 1165 502 et
1195 459 1351 502 nautili
1385 463 1427 502 et
1461 458 1717 501 saltationes
1751 472 1851 500 cum
1881 456 2013 498 Ama-

319 550 482 577 zonum
514 537 608 575 tum
643 532 857 575 Curetum
891 531 1057 587 optimo
1090 530 1184 573 iure
1217 530 1302 572 dici
1336 532 1555 586 poterant.
1619 529 1768 584 Atque
1800 527 1907 569 nihil
1940 527 2014 568 ad-

319 620 473 648 versus
510 605 627 646 hanc
665 601 1078 658 interpretationem
1118 602 1249 652 valet,
1293 601 1412 656 quod
1449 600 1587 642 altero
1626 600 1723 642 loco
1764 599 1876 641 οὗλα
1915 611 2016 639 cum

320 677 636 731 κατεκροτάλιζ
640 691 691 716 ον
723 672 940 727 iungitur;
973 685 1122 727 neque
1146 671 1263 714 enim
1286 684 1471 713 necesse
1494 674 1559 712 est
1584 671 1695 713 οὖλα
1717 670 1773 712 ad
1796 681 2017 710 rumorem

321 750 543 803 spectare3
577 745 623 786 in
649 745 830 787 πόὸεσσι
853 744 1224 798 κατεκροτάλιζον
1249 741 1366 784 enim
1390 741 1580 782 saltandi
1601 739 1722 782 notio
1747 739 1873 795 quasi
1894 739 2014 780 latet.

320 818 411 860 Fac
443 820 591 859 autem
624 817 775 858 πυκνὰ
809 829 888 870 pro
922 814 1034 856 οὖλα
1066 812 1126 854 ibi
1158 812 1421 863 traderetur,
1463 810 1560 867 quis
1598 810 1686 852 iam
1723 809 1769 851 in
1801 809 1875 851 illa
1906 822 2018 852 voce

322 887 599 931 offenderet?

442 958 493 1002 77
535 960 787 1013 ἀνάκτορον
830 968 916 1011 quo
961 954 1055 997 iure
1087 954 1308 996 Maltenus
1351 952 1577 1009 proprium
1609 950 1824 1008 Apollinis
1865 949 2020 1006 templi

322 1043 488 1073 nomen
536 1031 594 1085 (p.
613 1031 686 1082 47)
734 1026 871 1069 fuisse
920 1025 1175 1077 contendat,
1223 1038 1316 1066 non
1360 1037 1585 1080 assequor.
1649 1021 1884 1078 Euripides
1928 1034 2020 1063 non

324 1101 464 1143 solum
515 1099 731 1155 templum
777 1096 992 1153 Apollinis
1045 1094 1297 1151 delphicum
1347 1095 1455 1146 (Ion.
1484 1110 1524 1137 v.
1550 1096 1622 1148 55)
1676 1093 1754 1136 sed
1804 1092 2021 1148 templum

324 1169 522 1213 Thetidis
561 1170 788 1223 (Androm.
814 1183 854 1211 v.
878 1170 952 1221 43)
988 1169 1241 1222 ἀνάκτορον
1275 1165 1397 1208 dixit.
1463 1165 1582 1208 Sane
1613 1164 1721 1206 illud
1753 1162 2019 1207 vocabulum

324 1256 349 1283 a
383 1240 651 1284 Callimacho
698 1254 790 1281 non
834 1241 1003 1281 temere
1048 1251 1071 1280 e
1119 1236 1432 1293 compluribus,
1487 1249 1602 1292 quae
1648 1237 1825 1291 praesto
1879 1235 2019 1285 erant,

325 1314 550 1368 arreptum
599 1311 676 1353 sed
715 1309 917 1352 consulto
951 1308 1172 1351 delectum
1217 1311 1297 1359 est,
1347 1321 1449 1349 cum
1490 1305 1714 1349 invocatio
1753 1305 1826 1347 illa
1864 1307 1899 1347 ὤ
1933 1307 2021 1347 ἀνα

324 1397 428 1425 mox
453 1385 510 1435 (v.
537 1383 608 1435 79)
633 1382 905 1436 sequeretur.
943 1405 993 1408 —
1030 1380 1079 1421 ἐν
1107 1380 1154 1421 ὁὲ
1185 1380 1322 1434 πόληι
1355 1377 1566 1433 singulari
1599 1376 1791 1433 quodam
1824 1375 2022 1431 pondere

326 1453 493 1495 dictum
512 1455 595 1494 est:
620 1451 739 1493 Batti
758 1450 875 1493 enim
893 1450 1109 1505 templum
1131 1448 1462 1504 amplissimum,
1487 1447 1695 1504 splendor
1717 1446 1829 1488 sacri
1852 1445 1895 1487 in
1914 1445 2023 1487 urbe

326 1523 435 1566 facti
458 1523 735 1566 Carnem-um
759 1520 1055 1577 parsimoniae
1078 1522 1377 1576 opponuntur,
1403 1532 1518 1575 quae
1540 1517 1682 1574 prima
1703 1517 1749 1559 in
1766 1517 1908 1572 Libya
1928 1515 2024 1572 ipse

328 1593 572 1647 celebrarit,
607 1607 707 1635 cum
739 1592 939 1634 nondum
962 1590 1171 1633 Theraeis
1204 1590 1357 1632 liceret
1380 1589 1521 1644 Cyres
1553 1588 1751 1631 fontibus
1784 1586 2023 1643 appropin-

329 1678 479 1722 quare,
514 1677 719 1720 quaeque
750 1666 901 1705 tamen
924 1661 1117 1717 Apollini
1139 1674 1413 1716 magnopere
1435 1658 1695 1716 placuerint.
1720 1684 1775 1688 —
1801 1657 1852 1702 79
1877 1658 2024 1700 Boves

327 1750 418 1778 non
449 1735 748 1791 procumbunt
771 1733 849 1775 sed
874 1731 1071 1788 resupini
1103 1732 1282 1783 cadunt,
1325 1733 1372 1772 ut
1407 1730 1541 1773 animi
1573 1728 1676 1786 equi
1707 1728 1768 1770 illi
1799 1727 2024 1784 platonici,

329 1805 365 1848 si
410 1805 621 1848 memoria
662 1804 803 1860 ipsam
844 1802 1183 1860 pulchritudinis
1226 1801 1421 1858 speciem
1464 1800 1766 1856 contemplata
1807 1802 2026 1843 ἀνέπεσεν

328 1880 463 1920 ὑπτία
506 1878 549 1918 et.
590 1876 683 1917 lora
714 1878 805 1917 tam
838 1875 1128 1917 vehementer
1159 1874 1386 1915 retrahere
1419 1875 1575 1914 coacta
1607 1874 1687 1923 est,
1731 1873 1833 1914 ὥστ’
1866 1872 1942 1913 ἐπὶ
1972 1871 2026 1913 τὰ

331 1951 452 2003 ἰσχία
486 1950 622 2003 ἄμφω
655 1947 845 1989 καθίσαι
878 1947 939 1988 τὼ
973 1948 1098 1988 ἵππω
1133 1943 1336 1998 (Phaedr.
1362 1943 1554 1995 254130).

448 2089 541 2130 [am
591 2087 885 2130 Callimachus
932 2085 1154 2129 Carneum
1202 2084 1357 2128 iisdem
1406 2083 1590 2128 vocibus
1638 2083 1820 2127 invocat
1867 2082 2026 2138 quibus

332 2159 460 2201 simul
492 2157 844 2201 adulescentium
877 2157 1054 2199 chorus:
1100 2159 1171 2212 μὴ
1206 2159 1248 2211 ἰὴ
1281 2157 1492 2212 Καρνεῖε,
1526 2158 1631 2197 tuae
1663 2167 1766 2196 arae
1796 2167 2028 2209 nunquam

331 2243 478 2286 neque
511 2243 618 2273 vere
649 2243 797 2284 neque
827 2228 973 2270 hieme
1004 2227 1165 2270 florum
1192 2230 1399 2282 expertes
1432 2228 1549 2278 sunt,
1592 2225 1707 2281 ignis
1748 2224 1829 2266 tibi
1867 2223 2027 2279 sempi-

331 2304 485 2343 ternus
509 2300 673 2342 ardet.“
728 2299 767 2340 A
790 2298 974 2342 Carneis
1002 2297 1160 2340 annuis
1193 2298 1248 2340 ad
1279 2297 1390 2339 ritus
1423 2296 1689 2339 cottidianos
1722 2298 2027 2350 transgressus

334 2375 448 2423 erat3
498 2385 618 2412 nunc
665 2384 816 2411 rursus
862 2370 917 2411 ad
966 2368 1140 2412 Carnea
1186 2368 1437 2419 revertitur,
1493 2380 1608 2423 quae
1661 2365 1801 2422 prima
1840 2363 2029 2408 Theraei

334 2441 511 2484 feminis
544 2440 741 2495 Libyssis
775 2439 1164 2482 circumstantibus
1197 2439 1427 2489 saltarum,
1462 2452 1563 2480 cum
1594 2437 1794 2480 nondum
1828 2435 2028 2491 Cyrenas

332 2512 549 2554 tenebant
587 2511 665 2553 sed
696 2510 807 2553 Azili
848 2510 1122 2552 habitabant.
1185 2509 1342 2565 Apollo
1376 2508 1655 2551 saltationem
1687 2507 1816 2550 uxori
1847 2507 2028 2549 demon-

334 2582 492 2625 stravit
532 2582 576 2624 in
620 2582 729 2624 colle
760 2580 973 2636 Myrtosio
1017 2583 1151 2633 stans,
1194 2579 1270 2622 ubi
1309 2579 1406 2636 ipsa
1445 2580 1620 2622 leonem
1658 2578 1779 2620 illum
1812 2575 2029 2632 Eurypyli

334 2652 544 2708 gregibus
577 2652 787 2695 infestum
819 2654 1013 2694 necarat.
1067 2650 1261 2707 Apollini
1292 2650 1437 2692 nullus
1471 2651 1630 2692 chorus
1661 2651 1898 2704 tantopere
1930 2661 2028 2703 pro-

334 2724 465 2766 batus
498 2726 577 2775 est,
610 2722 719 2765 nulli
753 2721 922 2765 civitati
953 2725 1127 2764 tantum
1160 2721 1232 2764 ille
1263 2720 1417 2763 tribuit
1450 2723 1666 2776 quantum
1699 2718 1902 2773 Cyrenis,
1942 2716 2028 2761 vir-

335 2793 449 2849 ginis
481 2797 635 2849 raptae
667 2807 854 2845 memor;
897 2793 1130 2836 Battiadae
1168 2806 1274 2836 vero
1313 2791 1482 2833 nullum
1520 2790 1650 2832 deum
1684 2792 1859 2831 tantum
1890 2789 2029 2830 hono-

334 2868 489 2906 rarunt
522 2867 738 2920 quantum
769 2863 1032 2920 Apollinem.

454 2935 566 2976 Tota
588 2935 798 2990 pericopa
830 2948 1001 2976 summa
1033 2937 1126 2977 arte
1159 2931 1453 2977 exaedificata
1486 2934 1566 2983 est,
1600 2929 1636 2972 si
1668 2943 1765 2973 eam
1796 2929 1883 2972 iam
1915 2929 2027 2986 peri-

339 3018 496 3061 copam
529 3005 752 3061 appellare
782 3005 898 3048 licet.
955 3004 1221 3048 Umbilicum
1252 3004 1372 3046 hunc
1405 3001 1610 3045 carminis
1644 3015 1740 3044 esse
1772 3000 1867 3057 ipse
1900 2999 2029 3043 Calh'-
