2180 3482
817 253 870 287 De
896 264 952 287 vv.
976 254 1158 287 lio—112
1776 257 1830 294 87

140 359 334 414 antiquis
366 360 572 410 μελίσσας
605 357 744 400 dictas
778 372 875 400 esse
890 358 937 411 ¹);
980 372 1071 399 non
1114 360 1367 401 sacerdotes
1402 360 1476 401 sed
1510 360 1726 412 μύστιὸας
1770 358 1832 400 ita

142 429 385 485 appellatas
409 443 505 471 esse
530 428 781 483 Hesychius
806 434 854 478 (s.
880 432 938 479 v.)
963 428 1154 470 tradidit.
1199 429 1340 471 Servii
1365 429 1615 484 interpolati
1639 430 1694 470 ad
1720 428 1830 471 Aen.

140 500 266 541 1430
298 498 550 541 testimonio
583 499 694 540 haec
727 498 927 554 quaestio
961 513 1050 540 non
1084 498 1311 540 dirimitur:
1356 514 1454 541 011111
1490 499 1604 541 enim
1642 499 1832 541 fabulam

139 572 301 618 narret,
334 568 554 611 Melissam
583 567 756 611 Cereris
790 569 1062 610 sacerdotem
1098 568 1247 620 fuisse,
1283 584 1396 624 quae
1429 584 1529 611 cum
1552 572 1724 612 secreta
1750 569 1828 611 sibi

140 655 165 681 a
199 640 360 682 Cerere
400 638 632 681 commissa
671 638 926 694 patefacere
964 638 1192 691 noluisset,
1232 654 1257 681 a
1295 639 1550 682 mulieribus
1589 639 1708 681 iratis
1747 639 1832 680 dis-

141 713 293 765 cerpta
326 712 456 760 esset,
490 709 544 750 ab
569 723 620 751 ea
652 709 808 764 apibus
840 711 1052 763 μελίσσας
1075 724 1237 752 nomen
1261 709 1445 751 inditum
1482 723 1592 761 esse,
1625 709 1742 751 illam
1765 724 1831 751 sa-

140 781 364 823 cerdotem
382 783 526 831 vocat,
561 780 615 822 de
634 780 785 822 eadem
806 782 955 822 tamen
978 779 1083 821 talia
1105 783 1266 831 narrat,
1301 793 1415 835 quae
1439 795 1526 821 non
1550 779 1695 821 minus
1718 779 1833 822 bene

140 850 183 891 in
227 864 539 906 quancumque
587 850 780 905 mystida
826 850 999 892 cadant.
1072 850 1183 892 Item
1226 850 1561 892 scholiastarum
1610 850 1665 891 ad
1712 849 1830 890 illum

140 920 320 962 Pindari
341 921 487 963 locum
512 921 575 974 (P.
601 921 660 962 lV
690 923 801 974 104),
830 934 963 976 quem
985 920 1030 961 in
1054 920 1343 962 adnotatione
1367 920 1594 975 exscripsi,
1618 921 1831 973 μελίσσας

140 991 251 1033 alter
299 991 501 1047 primitus
550 990 722 1033 Cereris
771 991 1035 1044 sacerdotes,
1084 991 1193 1032 alter
1242 993 1316 1042 τὰς
1358 994 1461 1046 περὶ
1507 994 1558 1033 τὰ
1607 992 1712 1033 θεῖα
1760 992 1833 1032 καὶ

141 1064 333 1115 μυστικὰ
374 1063 672 1114 ὁιατελούσας,
720 1060 763 1102 id
802 1064 868 1103 est
907 1060 1113 1112 initiatas,
1159 1061 1371 1116 appellari
1409 1060 1614 1102 affirmat.
1678 1061 1834 1116 Neque

141 1146 164 1174 e
210 1131 388 1173 Pindari
432 1132 697 1186 fragmento,
747 1132 865 1187 quod
909 1131 979 1173 1110
1023 1130 1210 1173 affertur
1255 1131 1314 1183 (in
1362 1131 1593 1173 Sohro'deri
1641 1131 1833 1173 editione

139 1201 303 1244 maiore
336 1216 519 1244 numero
558 1204 638 1243 158
672 1201 938 1257 insignitur),
982 1202 1125 1244 elucet
1158 1201 1244 1243 utri
1286 1202 1554 1244 credendum
1605 1201 1677 1243 sit:
1726 1201 1834 1243 nihil

140 1271 256 1314 enirn
290 1271 408 1313 aliud
441 1271 717 1323 exscribitur,
751 1271 834 1313 nisi
866 1271 965 1314 illae
999 1286 1132 1315 voces
1166 1279 1263 1324 ταῖς
1298 1276 1462 1328 ἱεραῖσι
1487 1273 1716 1326 μελίσσαις
1740 1289 1832 1328 τερ-

137 1359 281 1392 πεται,
316 1342 425 1385 deus
448 1342 613 1385 scilicet
638 1342 787 1384 nescio
822 1341 910 1398 qui,
944 1342 1128 1385 forsitan
1163 1342 1311 1385 Ceres,
1375 1342 1523 1398 Atque
1555 1345 1705 1385 tamen
1739 1357 1831 1385 cer-

138 1415 229 1454 tam
264 1427 441 1454 causam
474 1426 660 1455 necesse
694 1416 760 1454 est
792 1412 928 1455 fuisse
962 1427 1040 1454 cur
1072 1412 1115 1454 in
1145 1412 1449 1455 controversia
1472 1416 1602 1464 esset,
1625 1414 1832 1466 μέλισσαι

139 1486 285 1524 utrum
304 1484 557 1526 sacerdotes
577 1498 632 1525 an
651 1483 866 1538 mystidas
886 1483 1170 1538 significaret.
1222 1483 1379 1525 Nonne
1398 1483 1531 1538 igitur
1546 1483 1651 1525 illud
1668 1497 1831 1526 nomen

138 1568 163 1595 a
209 1553 423 1608 religione
470 1556 695 1609 sumptum
741 1556 820 1605 est,
870 1567 984 1609 quae
1017 1553 1190 1596 Cereris
1238 1553 1458 1608 mysteriis
1502 1553 1841 1616 contineretur?

138 1638 163 1665 a
196 1638 283 1679 qua
315 1623 411 1675 alia,
445 1623 528 1665 nisi
562 1624 616 1666 ab
650 1623 875 1666 Eleusinia
908 1623 1002 1667 sive
1033 1624 1230 1679 genuina
1263 1623 1356 1667 sive
1389 1624 1472 1666 alio
1505 1624 1748 1666 translata?

250 1694 398 1750 Atque
440 1709 602 1737 nomen
643 1694 816 1737 Cereris
858 1695 956 1751 Δηώ
998 1694 1101 1737 inde
1144 1694 1307 1750 pariter
1345 1694 1605 1737 arcessitum
1645 1708 1755 1747 esse,
1797 1694 1831 1735 si

135 1764 232 1820 quis
254 1765 508 1808 testimonia
530 1765 828 1821 perpenderit,
854 1765 1090 1808 verisimile
1113 1765 1357 1821 apparebit.
1399 1766 1451 1806 In
1473 1766 1640 1820 hymno
1660 1765 1832 1807 Cereris

135 1835 374 1887 homerico,
410 1836 604 1878 carmine
626 1836 788 1888 Attico,
822 1836 895 1878 illa
918 1851 1018 1878 011111
1045 1835 1111 1877 bis
1134 1836 1179 1877 in
1203 1850 1398 1878 errorum
1423 1835 1676 1878 narratione
1699 1836 1832 1891 idque

134 1905 178 1947 in
218 1905 408 1948 formula
451 1910 628 1955 (πότνια
668 1907 767 1963 Δηώ
807 1922 846 1949 v.
879 1908 1071 1960 47.211)
1110 1909 1205 1948 tum
1244 1906 1424 1949 tertium
1467 1906 1510 1947 in
1548 1905 1831 1949 invocatione

136 1979 338 2018 extrema
369 1977 469 2033 Δηώ
502 1977 762 2033 appellatur,
796 1976 872 2018 11111
905 1977 1116 2019 sollemne
1150 1980 1244 2019 erat
1277 1977 1408 2019 deum
1442 1976 1617 2032 proprio
1652 1976 1831 2018 nomine

138 2046 301 2089 vocari.
354 2047 502 2103 Atque
534 2048 619 2090 1100
653 2051 771 2090 certe
804 2048 899 2089 1000
934 2047 1004 2089 1113
1033 2062 1121 2090 vox
1154 2062 1244 2089 non
1269 2047 1394 2103 quasi
1418 2047 1635 2103 quaedam
1659 2047 1832 2089 Cereris

135 2119 363 2173 ἐπίκλησις
402 2117 648 2169 adhibetur,
700 2131 854 2161 verum
897 2117 1023 2173 quasi
1064 2117 1309 2173 legitimum
1348 2131 1529 2160 nomen:
1583 2132 1830 2171 cognomen

256 2282 281 2326 ¹)
309 2282 549 2325 Sequentibus
581 2283 728 2317 vocibus
756 2285 804 2324 ὡς
831 2287 893 2326 τῆς
919 2283 1082 2327 χθονίας
1107 2283 1202 2324 θεᾶς
1227 2283 1412 2327 μύστιὸας
1443 2282 1533 2316 1111111
1565 2283 1700 2316 tribuo:
1734 2282 1832 2316 addi-

133 2344 337 2375 tamentum
364 2343 458 2376 enim
484 2344 569 2376 sunt
595 2342 708 2384 ipsius
734 2341 936 2385 Porphyrii,
976 2342 1037 2383 qui
1063 2341 1228 2385 intellegi
1254 2341 1345 2376 velit
1370 2341 1453 2376 illas
1488 2341 1693 2375 sacerdotes
1730 2351 1832 2383 prop-

134 2404 235 2434 terea
273 2410 359 2443 apes
394 2401 510 2434 dictas
549 2410 636 2443 esse,
683 2403 831 2444 „utpote
869 2410 961 2442 quae
999 2400 1194 2434 inferorum
1237 2401 1420 2442 mysteriis
1465 2401 1635 2434 initiatae
1676 2400 1830 2433 essenffl.

135 2459 263 2493 Paullo
291 2463 376 2493 ante
407 2459 546 2493 scilicet
578 2459 720 2493 dixerat
745 2462 967 2493 mortuorum
998 2460 1138 2493 animas
1172 2458 1361 2504 μελίσσας
1391 2459 1595 2502 appellatas
1625 2469 1711 2493 esse.
1763 2458 1832 2491 He-

135 2517 296 2560 sychium
332 2528 415 2552 vero
452 2528 473 2551 a
508 2518 708 2561 Porphyrio
744 2518 896 2560 pendere
932 2519 1078 2551 minime
1113 2517 1309 2551 verisimile
1345 2521 1409 2551 est.
1445 2538 1487 2541 —
1520 2517 1643 2551 Etiam
1678 2517 1832 2551 aliarum

135 2575 282 2610 dearum
323 2577 528 2619 antistites,
570 2580 611 2610 ut
645 2576 802 2620 Magnae
838 2576 967 2610 Matris
1010 2579 1047 2610 et
1081 2575 1278 2619 Apollinis.
1313 2576 1499 2621 μέλισσαι
1538 2575 1828 2619 appellabantur.

135 2635 315 2679 Apollinis
342 2636 565 2670 sacerdotem
592 2636 793 2679 delphicam
818 2635 1011 2680 μέλισσαν
1037 2636 1109 2669 iam
1135 2635 1315 2669 Pindarus
1342 2635 1448 2678 Pyth.
1469 2636 1519 2670 IV
1541 2635 1606 2668 104
1633 2634 1833 2677 appellavit

135 2695 163 2728 ὤ
189 2696 316 2739 μάκαρ
343 2696 402 2729 υἱὲ
429 2694 727 2739 Πολυμνάστου,
755 2696 795 2729 σὲ
823 2695 852 2728 δ’
880 2697 922 2728 ἐν
948 2696 1063 2738 τούτῳ
1092 2693 1192 2738 λόγῳ
1225 2695 1395 2739 χρησμὸς
1429 2694 1611 2739 ὤρθωσεν
1643 2693 1831 2738 μελίσσας

138 2752 324 2798 Δελφίδος
351 2755 547 2798 αὐτομάτῳ
574 2754 734 2798 κελάδῳ.
774 2754 894 2795 Atque
921 2753 1075 2787 fortasse
1093 2753 1174 2795 fuit,
1202 2763 1282 2786 cum
1309 2754 1463 2796 auguria
1482 2753 1526 2786 ab
1545 2753 1667 2794 apium
1686 2762 1831 2786 susurro

136 2815 363 2856 caperentur,
396 2816 440 2846 ut
465 2813 597 2847 Thriae
623 2813 655 2846 h.
683 2814 720 2846 in
753 2812 859 2846 Mero.
883 2823 915 2845 v.
935 2812 1003 2846 558
1036 2812 1140 2853 quasi
1172 2811 1349 2853 quaedam
1383 2822 1468 2854 apes
1501 2811 1762 2854 describuntur,
1795 2811 1831 2844 id

136 2871 228 2912 quod
260 2874 383 2905 tamen
416 2871 524 2906 aliter
551 2882 690 2914 quoque
723 2871 897 2914 explicari
929 2874 1061 2913 potest.
1121 2870 1193 2904 Cfr.
1218 2870 1329 2904 etiam
1361 2880 1453 2912 quae
1485 2870 1751 2913 disputavimus
1786 2869 1831 2904 ad

134 2929 241 2963 huius
265 2929 390 2972 hymni
415 2942 448 2964 v.
468 2931 523 2964 45.
569 2930 774 2974 Complura,
802 2940 872 2963 non
899 2930 1029 2971 omnia,
1057 2928 1099 2963 de
1117 2928 1335 2970 Μελίσσαις
1353 2928 1600 2963 sacerdotibus
1620 2929 1832 2962 testimonia

136 2987 284 3032 collegit
309 2988 640 3032 Robert—Tornow,
680 2990 726 3023 de
764 2991 907 3032 apium
946 2988 1147 3031 mellisque
1185 2988 1298 3031 apud
1340 2990 1486 3021 veteres
1531 2988 1832 3030 siqnificatz'one

138 3047 320 3091 (Berolinj
347 3048 463 3092 1893),
490 3059 522 3091 p.
542 3048 586 3082 91
599 3058 691 3090 sqq.;
719 3048 892 3082 nonnulla
925 3046 1066 3081 addidit
1091 3046 1132 3081 A.
1151 3047 1191 3081 B.
1213 3046 1320 3091 Cook,
1348 3047 1377 3081 J.
1403 3047 1446 3080 H.
1474 3045 1525 3082 St.
1552 3047 1617 3081 XV
1648 3046 1748 3090 1895,
1778 3047 1830 3080 14.
