<?xml version="1.0" encoding="UTF-8"?>
<!DOCTYPE html PUBLIC "-//W3C//DTD XHTML 1.0 Transitional//EN"
    "http://www.w3.org/TR/xhtml1/DTD/xhtml1-transitional.dtd">
<html xmlns="http://www.w3.org/1999/xhtml" xml:lang="en" lang="en">
 <head>
  <title>
</title>
<meta http-equiv="Content-Type" content="text/html;charset=utf-8" />
  <meta name='ocr-system' content='tesseract 3.04.00' />
  <meta name='ocr-capabilities' content='ocr_page ocr_carea ocr_par ocr_line ocrx_word'/>
</head>
<body>
  <div class='ocr_page' id='page_1' title='image "./quaestionescalli00pasquoft_0105.png"; bbox 0 0 2180 3482; ppageno 0'>
   <div class='ocr_carea' id='block_1_1' title="bbox 802 225 1832 269">
    <p class='ocr_par' dir='ltr' id='par_1_1' title="bbox 802 225 1832 269">
     <span class='ocr_line' id='line_1_1' title="bbox 802 225 1832 269; baseline 0.002 -9"><span class='ocrx_word' id='word_1_1' title='bbox 802 225 855 260; x_wconf 90' lang='lat' dir='ltr'>De</span> <span class='ocrx_word' id='word_1_2' title='bbox 882 225 1043 269; x_wconf 84' lang='lat' dir='ltr'>Cyrenae</span> <span class='ocrx_word' id='word_1_3' title='bbox 1069 226 1167 260; x_wconf 87' lang='lat' dir='ltr'>Eoea</span> <span class='ocrx_word' id='word_1_4' title='bbox 1777 227 1832 267; x_wconf 84' lang='lat'>97</span> 
     </span>
    </p>
   </div>
   <div class='ocr_carea' id='block_1_2' title="bbox 142 330 1845 3060">
    <p class='ocr_par' dir='ltr' id='par_1_2' title="bbox 143 330 1836 880">
     <span class='ocr_line' id='line_1_2' title="bbox 146 330 1834 385; baseline -0.002 -10"><span class='ocrx_word' id='word_1_5' title='bbox 146 333 427 384; x_wconf 77' lang='lat' dir='ltr'>insereretur,</span> <span class='ocrx_word' id='word_1_6' title='bbox 467 346 559 374; x_wconf 90' lang='lat' dir='ltr'>non</span> <span class='ocrx_word' id='word_1_7' title='bbox 592 346 617 374; x_wconf 89' lang='lat' dir='ltr'>a</span> <span class='ocrx_word' id='word_1_8' title='bbox 648 330 934 385; x_wconf 78' lang='lat' dir='ltr'>religionibus</span> <span class='ocrx_word' id='word_1_9' title='bbox 972 331 1017 373; x_wconf 87' lang='lat' dir='ltr'>in</span> <span class='ocrx_word' id='word_1_10' title='bbox 1051 331 1247 373; x_wconf 86' lang='lat' dir='ltr'>carmina</span> <span class='ocrx_word' id='word_1_11' title='bbox 1279 345 1376 374; x_wconf 88' lang='lat' dir='ltr'>esse</span> <span class='ocrx_word' id='word_1_12' title='bbox 1408 331 1684 376; x_wconf 87' lang='lat' dir='ltr'>translatum.</span> <span class='ocrx_word' id='word_1_13' title='bbox 1751 330 1834 383; x_wconf 91' lang='lat' dir='ltr'>„At</span> 
     </span>
     <span class='ocr_line' id='line_1_3' title="bbox 145 400 1833 458; baseline -0.002 -12"><span class='ocrx_word' id='word_1_14' title='bbox 145 403 423 446; x_wconf 77' lang='lat' dir='ltr'>Stesichorus</span> <span class='ocrx_word' id='word_1_15' title='bbox 472 402 605 458; x_wconf 88' lang='lat' dir='ltr'>(apud</span> <span class='ocrx_word' id='word_1_16' title='bbox 639 402 904 444; x_wconf 78' lang='lat' dir='ltr'>Pausaniam</span> <span class='ocrx_word' id='word_1_17' title='bbox 936 402 1001 443; x_wconf 85' lang='lat' dir='ltr'>IX</span> <span class='ocrx_word' id='word_1_18' title='bbox 1025 404 1064 452; x_wconf 79' lang='lat'>2,</span> <span class='ocrx_word' id='word_1_19' title='bbox 1084 404 1126 455; x_wconf 86' lang='lat'>3)</span> <span class='ocrx_word' id='word_1_20' title='bbox 1182 404 1226 444; x_wconf 92' lang='lat' dir='ltr'>et</span> <span class='ocrx_word' id='word_1_21' title='bbox 1263 401 1495 444; x_wconf 88' lang='lat' dir='ltr'>Acusilaus</span> <span class='ocrx_word' id='word_1_22' title='bbox 1535 401 1670 457; x_wconf 87' lang='lat' dir='ltr'>(apud</span> <span class='ocrx_word' id='word_1_23' title='bbox 1701 400 1833 457; x_wconf 89' lang='lat' dir='ltr'>Apol-</span> 
     </span>
     <span class='ocr_line' id='line_1_4' title="bbox 143 471 1834 529; baseline -0.001 -13"><span class='ocrx_word' id='word_1_24' title='bbox 143 474 342 516; x_wconf 87' lang='lat' dir='ltr'>lodorum</span> <span class='ocrx_word' id='word_1_25' title='bbox 374 475 661 529; x_wconf 88' lang='lat' dir='ltr'>personatum</span> <span class='ocrx_word' id='word_1_26' title='bbox 693 473 754 514; x_wconf 92' lang='grc' dir='ltr'>ΙΙΙ</span> <span class='ocrx_word' id='word_1_27' title='bbox 777 476 833 514; x_wconf 81' lang='lat'>30</span> <span class='ocrx_word' id='word_1_28' title='bbox 847 477 960 527; x_wconf 86' lang='lat' dir='ltr'>sqq.)</span> <span class='ocrx_word' id='word_1_29' title='bbox 994 472 1268 515; x_wconf 72' lang='lat' dir='ltr'>Actaeonem</span> <span class='ocrx_word' id='word_1_30' title='bbox 1307 487 1332 514; x_wconf 89' lang='lat' dir='ltr'>a</span> <span class='ocrx_word' id='word_1_31' title='bbox 1370 471 1459 514; x_wconf 90' lang='lat' dir='ltr'>suis</span> <span class='ocrx_word' id='word_1_32' title='bbox 1498 471 1682 514; x_wconf 87' lang='lat' dir='ltr'>canibus</span> <span class='ocrx_word' id='word_1_33' title='bbox 1718 471 1834 514; x_wconf 90' lang='lat' dir='ltr'>lace-</span> 
     </span>
     <span class='ocr_line' id='line_1_5' title="bbox 143 541 1835 598; baseline -0.001 -13"><span class='ocrx_word' id='word_1_34' title='bbox 143 547 287 586; x_wconf 88' lang='lat' dir='ltr'>ratum</span> <span class='ocrx_word' id='word_1_35' title='bbox 312 557 408 586; x_wconf 90' lang='lat' dir='ltr'>esse</span> <span class='ocrx_word' id='word_1_36' title='bbox 430 546 764 586; x_wconf 74' lang='lat' dir='ltr'>nar1²averunt.“</span> <span class='ocrx_word' id='word_1_37' title='bbox 801 543 886 594; x_wconf 83' lang='lat' dir='ltr'>Qui</span> <span class='ocrx_word' id='word_1_38' title='bbox 899 542 1189 594; x_wconf 79' lang='lat' dir='ltr'>StesichoruS,</span> <span class='ocrx_word' id='word_1_39' title='bbox 1214 543 1407 598; x_wconf 77' lang='lat' dir='ltr'>quaeso?</span> <span class='ocrx_word' id='word_1_40' title='bbox 1435 542 1695 598; x_wconf 81' lang='lat' dir='ltr'>Complures</span> <span class='ocrx_word' id='word_1_41' title='bbox 1718 541 1835 584; x_wconf 89' lang='lat' dir='ltr'>enim</span> 
     </span>
     <span class='ocr_line' id='line_1_6' title="bbox 144 612 1835 670; baseline -0.002 -13"><span class='ocrx_word' id='word_1_42' title='bbox 144 629 286 670; x_wconf 85' lang='lat' dir='ltr'>nuper</span> <span class='ocrx_word' id='word_1_43' title='bbox 317 613 562 656; x_wconf 80' lang='lat' dir='ltr'>rectissime</span> <span class='ocrx_word' id='word_1_44' title='bbox 595 613 797 655; x_wconf 79' lang='lat' dir='ltr'>distinxit</span> <span class='ocrx_word' id='word_1_45' title='bbox 829 613 1198 655; x_wconf 73' lang='lat' dir='ltr'>Wilamowitzius</span> <span class='ocrx_word' id='word_1_46' title='bbox 1232 614 1429 668; x_wconf 79' lang='lat' dir='ltr'>&lt;Sappho</span> <span class='ocrx_word' id='word_1_47' title='bbox 1462 613 1553 654; x_wconf 91' lang='lat' dir='ltr'>und</span> <span class='ocrx_word' id='word_1_48' title='bbox 1587 612 1835 655; x_wconf 86' lang='lat' dir='ltr'>Simonides</span> 
     </span>
     <span class='ocr_line' id='line_1_7' title="bbox 144 682 1836 740; baseline -0.001 -13"><span class='ocrx_word' id='word_1_49' title='bbox 144 687 229 727; x_wconf 79' lang='lat'>233</span> <span class='ocrx_word' id='word_1_50' title='bbox 244 687 372 740; x_wconf 73' lang='lat' dir='ltr'>sqq).</span> <span class='ocrx_word' id='word_1_51' title='bbox 439 683 523 735; x_wconf 88' lang='lat' dir='ltr'>„At</span> <span class='ocrx_word' id='word_1_52' title='bbox 563 683 795 726; x_wconf 85' lang='lat' dir='ltr'>Acusilaus</span> <span class='ocrx_word' id='word_1_53' title='bbox 844 686 964 726; x_wconf 90' lang='lat' dir='ltr'>certe</span> <span class='ocrx_word' id='word_1_54' title='bbox 1009 684 1204 726; x_wconf 87' lang='lat' dir='ltr'>carmina</span> <span class='ocrx_word' id='word_1_55' title='bbox 1248 683 1457 726; x_wconf 83' lang='lat' dir='ltr'>hesiodea</span> <span class='ocrx_word' id='word_1_56' title='bbox 1501 683 1544 724; x_wconf 90' lang='lat' dir='ltr'>in</span> <span class='ocrx_word' id='word_1_57' title='bbox 1590 682 1836 725; x_wconf 87' lang='lat' dir='ltr'>orationem</span> 
     </span>
     <span class='ocr_line' id='line_1_8' title="bbox 144 751 1836 810; baseline -0.002 -13"><span class='ocrx_word' id='word_1_58' title='bbox 144 755 393 810; x_wconf 87' lang='lat' dir='ltr'>pedestrem</span> <span class='ocrx_word' id='word_1_59' title='bbox 428 757 604 797; x_wconf 83' lang='lat' dir='ltr'>vertere</span> <span class='ocrx_word' id='word_1_60' title='bbox 637 754 808 796; x_wconf 82' lang='lat' dir='ltr'>soluit.“</span> <span class='ocrx_word' id='word_1_61' title='bbox 865 754 973 806; x_wconf 74' lang='lat' dir='ltr'>Quis</span> <span class='ocrx_word' id='word_1_62' title='bbox 1006 755 1196 809; x_wconf 83' lang='lat' dir='ltr'>spondet</span> <span class='ocrx_word' id='word_1_63' title='bbox 1223 754 1343 795; x_wconf 88' lang='lat' dir='ltr'>illum</span> <span class='ocrx_word' id='word_1_64' title='bbox 1366 768 1455 796; x_wconf 87' lang='lat' dir='ltr'>uno</span> <span class='ocrx_word' id='word_1_65' title='bbox 1479 751 1673 795; x_wconf 87' lang='lat' dir='ltr'>Hesiodo</span> <span class='ocrx_word' id='word_1_66' title='bbox 1706 767 1836 794; x_wconf 89' lang='lat' dir='ltr'>usum</span> 
     </span>
     <span class='ocr_line' id='line_1_9' title="bbox 144 822 1835 880; baseline -0.002 -13"><span class='ocrx_word' id='word_1_67' title='bbox 144 839 255 876; x_wconf 90' lang='lat' dir='ltr'>esse,</span> <span class='ocrx_word' id='word_1_68' title='bbox 277 839 377 867; x_wconf 90' lang='lat' dir='ltr'>cum</span> <span class='ocrx_word' id='word_1_69' title='bbox 394 824 653 880; x_wconf 86' lang='lat' dir='ltr'>praesertim</span> <span class='ocrx_word' id='word_1_70' title='bbox 669 824 781 866; x_wconf 89' lang='lat' dir='ltr'>illius</span> <span class='ocrx_word' id='word_1_71' title='bbox 800 824 944 879; x_wconf 89' lang='lat' dir='ltr'>operis</span> <span class='ocrx_word' id='word_1_72' title='bbox 959 824 1119 866; x_wconf 87' lang='lat' dir='ltr'>misera</span> <span class='ocrx_word' id='word_1_73' title='bbox 1133 827 1307 866; x_wconf 88' lang='lat' dir='ltr'>tantum</span> <span class='ocrx_word' id='word_1_74' title='bbox 1322 824 1510 865; x_wconf 80' lang='lat' dir='ltr'>frustula</span> <span class='ocrx_word' id='word_1_75' title='bbox 1528 826 1704 866; x_wconf 85' lang='lat' dir='ltr'>servata</span> <span class='ocrx_word' id='word_1_76' title='bbox 1719 822 1835 864; x_wconf 82' lang='lat' dir='ltr'>sint‘?</span> 
     </span>
    </p>

    <p class='ocr_par' dir='ltr' id='par_1_3' title="bbox 142 894 1845 2990">
     <span class='ocr_line' id='line_1_10' title="bbox 261 894 1837 950; baseline -0.001 -14"><span class='ocrx_word' id='word_1_77' title='bbox 261 895 480 950; x_wconf 87' lang='lat' dir='ltr'>Equidem</span> <span class='ocrx_word' id='word_1_78' title='bbox 514 909 604 936; x_wconf 88' lang='lat' dir='ltr'>non</span> <span class='ocrx_word' id='word_1_79' title='bbox 646 910 762 949; x_wconf 75' lang='lat' dir='ltr'>nego</span> <span class='ocrx_word' id='word_1_80' title='bbox 804 894 890 936; x_wconf 90' lang='lat' dir='ltr'>iam</span> <span class='ocrx_word' id='word_1_81' title='bbox 933 895 1038 936; x_wconf 90' lang='lat' dir='ltr'>satis</span> <span class='ocrx_word' id='word_1_82' title='bbox 1081 894 1264 950; x_wconf 87' lang='lat' dir='ltr'>antiqua</span> <span class='ocrx_word' id='word_1_83' title='bbox 1296 896 1443 936; x_wconf 89' lang='lat' dir='ltr'>aetate</span> <span class='ocrx_word' id='word_1_84' title='bbox 1480 896 1707 936; x_wconf 86' lang='lat' dir='ltr'>narratum</span> <span class='ocrx_word' id='word_1_85' title='bbox 1740 907 1837 935; x_wconf 89' lang='lat' dir='ltr'>esse</span> 
     </span>
     <span class='ocr_line' id='line_1_11' title="bbox 144 963 1836 1021; baseline -0.001 -14"><span class='ocrx_word' id='word_1_86' title='bbox 144 965 385 1016; x_wconf 82' lang='lat' dir='ltr'>Actaeona,</span> <span class='ocrx_word' id='word_1_87' title='bbox 431 967 670 1020; x_wconf 85' lang='lat' dir='ltr'>propterea</span> <span class='ocrx_word' id='word_1_88' title='bbox 714 966 832 1020; x_wconf 88' lang='lat' dir='ltr'>quod</span> <span class='ocrx_word' id='word_1_89' title='bbox 871 965 1002 1007; x_wconf 91' lang='lat' dir='ltr'>deum</span> <span class='ocrx_word' id='word_1_90' title='bbox 1051 965 1273 1021; x_wconf 85' lang='lat' dir='ltr'>quendam</span> <span class='ocrx_word' id='word_1_91' title='bbox 1310 964 1523 1015; x_wconf 81' lang='lat' dir='ltr'>laesisset,</span> <span class='ocrx_word' id='word_1_92' title='bbox 1572 963 1616 1005; x_wconf 93' lang='lat' dir='ltr'>in</span> <span class='ocrx_word' id='word_1_93' title='bbox 1657 978 1836 1006; x_wconf 82' lang='lat' dir='ltr'>cervum</span> 
     </span>
     <span class='ocr_line' id='line_1_12' title="bbox 145 1033 1835 1085; baseline -0.001 -8"><span class='ocrx_word' id='word_1_94' title='bbox 145 1049 412 1079; x_wconf 86' lang='lat' dir='ltr'>conversum</span> <span class='ocrx_word' id='word_1_95' title='bbox 445 1050 470 1077; x_wconf 88' lang='lat' dir='ltr'>a</span> <span class='ocrx_word' id='word_1_96' title='bbox 502 1034 591 1076; x_wconf 92' lang='lat' dir='ltr'>suis</span> <span class='ocrx_word' id='word_1_97' title='bbox 631 1035 815 1077; x_wconf 87' lang='lat' dir='ltr'>canibus</span> <span class='ocrx_word' id='word_1_98' title='bbox 854 1036 1096 1077; x_wconf 88' lang='lat' dir='ltr'>laceratum</span> <span class='ocrx_word' id='word_1_99' title='bbox 1140 1048 1248 1077; x_wconf 87' lang='lat' dir='ltr'>esse.</span> <span class='ocrx_word' id='word_1_100' title='bbox 1313 1034 1425 1076; x_wconf 89' lang='lat' dir='ltr'>Nam</span> <span class='ocrx_word' id='word_1_101' title='bbox 1467 1037 1510 1076; x_wconf 91' lang='lat' dir='ltr'>et</span> <span class='ocrx_word' id='word_1_102' title='bbox 1543 1033 1835 1085; x_wconf 75' lang='lat' dir='ltr'>StesichoruS,</span> 
     </span>
     <span class='ocr_line' id='line_1_13' title="bbox 145 1104 1836 1162; baseline -0.002 -14"><span class='ocrx_word' id='word_1_103' title='bbox 145 1106 412 1162; x_wconf 85' lang='lat' dir='ltr'>quicumque</span> <span class='ocrx_word' id='word_1_104' title='bbox 438 1105 521 1147; x_wconf 91' lang='lat' dir='ltr'>iste</span> <span class='ocrx_word' id='word_1_105' title='bbox 546 1105 825 1148; x_wconf 86' lang='lat' dir='ltr'>Stesichorus</span> <span class='ocrx_word' id='word_1_106' title='bbox 857 1105 953 1157; x_wconf 86' lang='lat' dir='ltr'>fuit,</span> <span class='ocrx_word' id='word_1_107' title='bbox 988 1108 1032 1147; x_wconf 89' lang='lat' dir='ltr'>et</span> <span class='ocrx_word' id='word_1_108' title='bbox 1053 1105 1285 1146; x_wconf 89' lang='lat' dir='ltr'>Acusilaus</span> <span class='ocrx_word' id='word_1_109' title='bbox 1313 1106 1356 1147; x_wconf 91' lang='lat' dir='ltr'>et</span> <span class='ocrx_word' id='word_1_110' title='bbox 1380 1104 1670 1159; x_wconf 83' lang='lat' dir='ltr'>Polygnotus,</span> <span class='ocrx_word' id='word_1_111' title='bbox 1704 1118 1836 1159; x_wconf 89' lang='lat' dir='ltr'>quem</span> 
     </span>
     <span class='ocr_line' id='line_1_14' title="bbox 142 1174 1838 1231; baseline -0.002 -13"><span class='ocrx_word' id='word_1_112' title='bbox 142 1176 381 1218; x_wconf 89' lang='lat' dir='ltr'>Autonoen</span> <span class='ocrx_word' id='word_1_113' title='bbox 406 1179 449 1218; x_wconf 89' lang='lat' dir='ltr'>et</span> <span class='ocrx_word' id='word_1_114' title='bbox 471 1175 719 1218; x_wconf 74' lang='lat' dir='ltr'>Aristaeum</span> <span class='ocrx_word' id='word_1_115' title='bbox 744 1175 863 1219; x_wconf 76' lang='lat' dir='ltr'>cervi</span> <span class='ocrx_word' id='word_1_116' title='bbox 888 1176 1046 1231; x_wconf 77' lang='lat' dir='ltr'>pellem</span> <span class='ocrx_word' id='word_1_117' title='bbox 1078 1174 1281 1217; x_wconf 84' lang='lat' dir='ltr'>manibus</span> <span class='ocrx_word' id='word_1_118' title='bbox 1315 1174 1607 1217; x_wconf 89' lang='lat' dir='ltr'>sustinentem</span> <span class='ocrx_word' id='word_1_119' title='bbox 1641 1176 1685 1217; x_wconf 90' lang='lat' dir='ltr'>et</span> <span class='ocrx_word' id='word_1_120' title='bbox 1717 1174 1838 1217; x_wconf 88' lang='lat' dir='ltr'>cervi</span> 
     </span>
     <span class='ocr_line' id='line_1_15' title="bbox 143 1244 1838 1302; baseline -0.002 -12"><span class='ocrx_word' id='word_1_121' title='bbox 143 1246 245 1302; x_wconf 89' lang='lat' dir='ltr'>pelli</span> <span class='ocrx_word' id='word_1_122' title='bbox 277 1246 544 1289; x_wconf 88' lang='lat' dir='ltr'>insidentem</span> <span class='ocrx_word' id='word_1_123' title='bbox 576 1245 773 1301; x_wconf 83' lang='lat' dir='ltr'>pinxisse</span> <span class='ocrx_word' id='word_1_124' title='bbox 804 1248 994 1288; x_wconf 84' lang='lat' dir='ltr'>testatur</span> <span class='ocrx_word' id='word_1_125' title='bbox 1026 1245 1267 1288; x_wconf 88' lang='lat' dir='ltr'>Pausanias</span> <span class='ocrx_word' id='word_1_126' title='bbox 1289 1246 1332 1287; x_wconf 88' lang='lat' dir='ltr'>X</span> <span class='ocrx_word' id='word_1_127' title='bbox 1355 1248 1425 1297; x_wconf 87' lang='lat'>30,</span> <span class='ocrx_word' id='word_1_128' title='bbox 1449 1247 1488 1297; x_wconf 85' lang='lat'>5,</span> <span class='ocrx_word' id='word_1_129' title='bbox 1531 1244 1635 1286; x_wconf 90' lang='lat' dir='ltr'>satis</span> <span class='ocrx_word' id='word_1_130' title='bbox 1668 1244 1838 1300; x_wconf 87' lang='lat' dir='ltr'>antiqui</span> 
     </span>
     <span class='ocr_line' id='line_1_16' title="bbox 143 1315 1838 1372; baseline -0.001 -12"><span class='ocrx_word' id='word_1_131' title='bbox 143 1320 282 1360; x_wconf 90' lang='lat' dir='ltr'>testes</span> <span class='ocrx_word' id='word_1_132' title='bbox 304 1316 388 1372; x_wconf 91' lang='lat' dir='ltr'>ipsi</span> <span class='ocrx_word' id='word_1_133' title='bbox 414 1319 536 1369; x_wconf 74' lang='lat' dir='ltr'>sunt,</span> <span class='ocrx_word' id='word_1_134' title='bbox 571 1317 648 1359; x_wconf 87' lang='lat' dir='ltr'>sed</span> <span class='ocrx_word' id='word_1_135' title='bbox 682 1316 967 1372; x_wconf 84' lang='lat' dir='ltr'>pertinaciter</span> <span class='ocrx_word' id='word_1_136' title='bbox 999 1330 1114 1371; x_wconf 79' lang='lat' dir='ltr'>nego</span> <span class='ocrx_word' id='word_1_137' title='bbox 1139 1316 1381 1359; x_wconf 90' lang='lat' dir='ltr'>Hesiodum</span> <span class='ocrx_word' id='word_1_138' title='bbox 1415 1315 1459 1357; x_wconf 92' lang='lat' dir='ltr'>in</span> <span class='ocrx_word' id='word_1_139' title='bbox 1482 1315 1604 1358; x_wconf 88' lang='lat' dir='ltr'>Eoea</span> <span class='ocrx_word' id='word_1_140' title='bbox 1634 1329 1838 1358; x_wconf 84' lang='lat' dir='ltr'>narrasse</span> 
     </span>
     <span class='ocr_line' id='line_1_17' title="bbox 144 1386 1836 1430; baseline -0.001 -1"><span class='ocrx_word' id='word_1_141' title='bbox 144 1388 275 1430; x_wconf 91' lang='lat' dir='ltr'>deum</span> <span class='ocrx_word' id='word_1_142' title='bbox 292 1386 543 1430; x_wconf 83' lang='lat' dir='ltr'>Aristaeum</span> <span class='ocrx_word' id='word_1_143' title='bbox 566 1386 706 1428; x_wconf 79' lang='lat' dir='ltr'>filium</span> <span class='ocrx_word' id='word_1_144' title='bbox 728 1386 909 1429; x_wconf 91' lang='lat' dir='ltr'>unicum</span> <span class='ocrx_word' id='word_1_145' title='bbox 932 1386 1129 1429; x_wconf 90' lang='lat' dir='ltr'>amisisse</span> <span class='ocrx_word' id='word_1_146' title='bbox 1152 1389 1196 1428; x_wconf 91' lang='lat' dir='ltr'>et</span> <span class='ocrx_word' id='word_1_147' title='bbox 1219 1387 1375 1428; x_wconf 87' lang='lat' dir='ltr'>orbum</span> <span class='ocrx_word' id='word_1_148' title='bbox 1396 1388 1610 1429; x_wconf 86' lang='lat' dir='ltr'>maestam</span> <span class='ocrx_word' id='word_1_149' title='bbox 1633 1388 1836 1429; x_wconf 89' lang='lat' dir='ltr'>senectu-</span> 
     </span>
     <span class='ocr_line' id='line_1_18' title="bbox 143 1456 1838 1513; baseline 0 -14"><span class='ocrx_word' id='word_1_150' title='bbox 143 1460 234 1500; x_wconf 90' lang='lat' dir='ltr'>tem</span> <span class='ocrx_word' id='word_1_151' title='bbox 275 1457 437 1513; x_wconf 79' lang='lat' dir='ltr'>egisse3</span> <span class='ocrx_word' id='word_1_152' title='bbox 489 1458 601 1500; x_wconf 86' lang='lat' dir='ltr'>haec</span> <span class='ocrx_word' id='word_1_153' title='bbox 640 1456 755 1500; x_wconf 88' lang='lat' dir='ltr'>enim</span> <span class='ocrx_word' id='word_1_154' title='bbox 795 1457 840 1499; x_wconf 92' lang='lat' dir='ltr'>in</span> <span class='ocrx_word' id='word_1_155' title='bbox 880 1458 1011 1500; x_wconf 88' lang='lat' dir='ltr'>deum</span> <span class='ocrx_word' id='word_1_156' title='bbox 1053 1471 1145 1499; x_wconf 92' lang='lat' dir='ltr'>non</span> <span class='ocrx_word' id='word_1_157' title='bbox 1186 1457 1417 1513; x_wconf 86' lang='lat' dir='ltr'>quadrant.</span> <span class='ocrx_word' id='word_1_158' title='bbox 1495 1456 1541 1498; x_wconf 90' lang='lat' dir='ltr'>Si</span> <span class='ocrx_word' id='word_1_159' title='bbox 1585 1456 1838 1499; x_wconf 86' lang='lat' dir='ltr'>testimonia</span> 
     </span>
     <span class='ocr_line' id='line_1_19' title="bbox 144 1527 1835 1584; baseline -0.002 -13"><span class='ocrx_word' id='word_1_160' title='bbox 144 1531 386 1580; x_wconf 82' lang='lat' dir='ltr'>exstarent,</span> <span class='ocrx_word' id='word_1_161' title='bbox 433 1542 566 1583; x_wconf 82' lang='lat' dir='ltr'>aegre</span> <span class='ocrx_word' id='word_1_162' title='bbox 606 1527 797 1584; x_wconf 90' lang='lat' dir='ltr'>quidem,</span> <span class='ocrx_word' id='word_1_163' title='bbox 847 1529 926 1571; x_wconf 91' lang='lat' dir='ltr'>sed</span> <span class='ocrx_word' id='word_1_164' title='bbox 958 1528 1184 1571; x_wconf 86' lang='lat' dir='ltr'>crederem</span> <span class='ocrx_word' id='word_1_165' title='bbox 1216 1530 1385 1579; x_wconf 74' lang='lat' dir='ltr'>tamen,</span> <span class='ocrx_word' id='word_1_166' title='bbox 1437 1529 1481 1569; x_wconf 89' lang='lat' dir='ltr'>at</span> <span class='ocrx_word' id='word_1_167' title='bbox 1519 1542 1609 1569; x_wconf 87' lang='lat' dir='ltr'>non</span> <span class='ocrx_word' id='word_1_168' title='bbox 1643 1529 1835 1569; x_wconf 84' lang='lat' dir='ltr'>exstant.</span> 
     </span>
     <span class='ocr_line' id='line_1_20' title="bbox 145 1596 1845 1654; baseline -0.002 -13"><span class='ocrx_word' id='word_1_169' title='bbox 145 1599 261 1641; x_wconf 86' lang='lat' dir='ltr'>Nihil</span> <span class='ocrx_word' id='word_1_170' title='bbox 294 1598 411 1641; x_wconf 88' lang='lat' dir='ltr'>enim</span> <span class='ocrx_word' id='word_1_171' title='bbox 443 1598 546 1640; x_wconf 91' lang='lat' dir='ltr'>inde</span> <span class='ocrx_word' id='word_1_172' title='bbox 580 1598 783 1640; x_wconf 90' lang='lat' dir='ltr'>concludi</span> <span class='ocrx_word' id='word_1_173' title='bbox 822 1601 983 1654; x_wconf 84' lang='lat' dir='ltr'>potest,</span> <span class='ocrx_word' id='word_1_174' title='bbox 1026 1598 1145 1654; x_wconf 90' lang='lat' dir='ltr'>quod</span> <span class='ocrx_word' id='word_1_175' title='bbox 1176 1612 1332 1641; x_wconf 86' lang='lat' dir='ltr'>versus</span> <span class='ocrx_word' id='word_1_176' title='bbox 1365 1597 1567 1640; x_wconf 83' lang='lat' dir='ltr'>nonnulli</span> <span class='ocrx_word' id='word_1_177' title='bbox 1600 1596 1845 1639; x_wconf 66' lang='lat' dir='ltr'>subrustici*</span> 
     </span>
     <span class='ocr_line' id='line_1_21' title="bbox 144 1667 1837 1726; baseline -0.002 -15"><span class='ocrx_word' id='word_1_178' title='bbox 144 1669 200 1711; x_wconf 89' lang='lat' dir='ltr'>illi</span> <span class='ocrx_word' id='word_1_179' title='bbox 227 1669 405 1726; x_wconf 87' lang='lat' dir='ltr'>quidem</span> <span class='ocrx_word' id='word_1_180' title='bbox 435 1672 479 1712; x_wconf 94' lang='lat' dir='ltr'>et</span> <span class='ocrx_word' id='word_1_181' title='bbox 512 1668 681 1724; x_wconf 89' lang='lat' dir='ltr'>antiqui</span> <span class='ocrx_word' id='word_1_182' title='bbox 715 1669 769 1711; x_wconf 90' lang='lat' dir='ltr'>de</span> <span class='ocrx_word' id='word_1_183' title='bbox 792 1669 1020 1712; x_wconf 88' lang='lat' dir='ltr'>Actaeone</span> <span class='ocrx_word' id='word_1_184' title='bbox 1053 1684 1079 1711; x_wconf 89' lang='lat' dir='ltr'>a</span> <span class='ocrx_word' id='word_1_185' title='bbox 1111 1669 1294 1711; x_wconf 86' lang='lat' dir='ltr'>canibus</span> <span class='ocrx_word' id='word_1_186' title='bbox 1328 1668 1548 1723; x_wconf 88' lang='lat' dir='ltr'>discerpto</span> <span class='ocrx_word' id='word_1_187' title='bbox 1583 1667 1637 1709; x_wconf 87' lang='lat' dir='ltr'>ab</span> <span class='ocrx_word' id='word_1_188' title='bbox 1659 1667 1837 1723; x_wconf 81' lang='lat' dir='ltr'>Apollo-</span> 
     </span>
     <span class='ocr_line' id='line_1_22' title="bbox 144 1737 1838 1796; baseline -0.002 -13"><span class='ocrx_word' id='word_1_189' title='bbox 144 1741 249 1783; x_wconf 86' lang='lat' dir='ltr'>doro</span> <span class='ocrx_word' id='word_1_190' title='bbox 292 1742 530 1796; x_wconf 88' lang='lat' dir='ltr'>personato</span> <span class='ocrx_word' id='word_1_191' title='bbox 575 1738 710 1793; x_wconf 83' lang='lat' dir='ltr'>(bybl.</span> <span class='ocrx_word' id='word_1_192' title='bbox 734 1740 891 1794; x_wconf 77' lang='lat'>11132)</span> <span class='ocrx_word' id='word_1_193' title='bbox 935 1739 1099 1783; x_wconf 84' lang='lat' dir='ltr'>servati</span> <span class='ocrx_word' id='word_1_194' title='bbox 1144 1742 1260 1781; x_wconf 88' lang='lat' dir='ltr'>sunt.</span> <span class='ocrx_word' id='word_1_195' title='bbox 1323 1738 1544 1795; x_wconf 88' lang='lat' dir='ltr'>Antiquos</span> <span class='ocrx_word' id='word_1_196' title='bbox 1583 1737 1701 1780; x_wconf 88' lang='lat' dir='ltr'>enim</span> <span class='ocrx_word' id='word_1_197' title='bbox 1741 1751 1838 1780; x_wconf 91' lang='lat' dir='ltr'>esse</span> 
     </span>
     <span class='ocr_line' id='line_1_23' title="bbox 145 1801 1839 1866; baseline -0.002 -14"><span class='ocrx_word' id='word_1_198' title='bbox 145 1810 398 1853; x_wconf 88' lang='lat' dir='ltr'>acutissime</span> <span class='ocrx_word' id='word_1_199' title='bbox 427 1809 748 1853; x_wconf 88' lang='lat' dir='ltr'>demonstravit</span> <span class='ocrx_word' id='word_1_200' title='bbox 771 1809 1009 1852; x_wconf 90' lang='lat' dir='ltr'>Maltenius</span> <span class='ocrx_word' id='word_1_201' title='bbox 1033 1811 1090 1866; x_wconf 90' lang='lat' dir='ltr'>(p.</span> <span class='ocrx_word' id='word_1_202' title='bbox 1116 1810 1208 1865; x_wconf 76' lang='lat'>22):</span> <span class='ocrx_word' id='word_1_203' title='bbox 1242 1809 1355 1851; x_wconf 87' lang='lat' dir='ltr'>illius</span> <span class='ocrx_word' id='word_1_204' title='bbox 1389 1801 1506 1852; x_wconf 86' lang='lat' dir='ltr'>enim</span> <span class='ocrx_word' id='word_1_205' title='bbox 1539 1822 1672 1851; x_wconf 87' lang='lat' dir='ltr'>canes</span> <span class='ocrx_word' id='word_1_206' title='bbox 1693 1807 1839 1849; x_wconf 90' lang='lat' dir='ltr'>Diana</span> 
     </span>
     <span class='ocr_line' id='line_1_24' title="bbox 144 1879 1836 1936; baseline -0.002 -12"><span class='ocrx_word' id='word_1_207' title='bbox 144 1882 198 1924; x_wconf 90' lang='lat' dir='ltr'>ad</span> <span class='ocrx_word' id='word_1_208' title='bbox 238 1895 395 1924; x_wconf 90' lang='lat' dir='ltr'>necem</span> <span class='ocrx_word' id='word_1_209' title='bbox 430 1880 723 1923; x_wconf 78' lang='lat' dir='ltr'>commovisse</span> <span class='ocrx_word' id='word_1_210' title='bbox 756 1880 944 1932; x_wconf 88' lang='lat' dir='ltr'>videtur,</span> <span class='ocrx_word' id='word_1_211' title='bbox 984 1880 1068 1936; x_wconf 90' lang='lat' dir='ltr'>ipsi</span> <span class='ocrx_word' id='word_1_212' title='bbox 1099 1882 1251 1922; x_wconf 86' lang='lat' dir='ltr'>tamen</span> <span class='ocrx_word' id='word_1_213' title='bbox 1281 1880 1555 1922; x_wconf 84' lang='lat' dir='ltr'>Actaeonem</span> <span class='ocrx_word' id='word_1_214' title='bbox 1588 1879 1686 1931; x_wconf 81' lang='grc' dir='ltr'><strong><em>Διὸς</em></strong></span> <span class='ocrx_word' id='word_1_215' title='bbox 1718 1880 1836 1921; x_wconf 83' lang='grc' dir='ltr'><em>ἐννε-</em></span> 
     </span>
     <span class='ocr_line' id='line_1_25' title="bbox 146 1948 1836 2009; baseline -0.003 -15"><span class='ocrx_word' id='word_1_216' title='bbox 146 1956 292 2009; x_wconf 79' lang='grc' dir='ltr'><em>σίῃσιν</em></span> <span class='ocrx_word' id='word_1_217' title='bbox 316 1950 609 2003; x_wconf 78' lang='lat' dir='ltr'>interfecisse3</span> <span class='ocrx_word' id='word_1_218' title='bbox 644 1950 685 1992; x_wconf 86' lang='lat' dir='ltr'>id</span> <span class='ocrx_word' id='word_1_219' title='bbox 710 1951 828 2006; x_wconf 87' lang='lat' dir='ltr'>quod</span> <span class='ocrx_word' id='word_1_220' title='bbox 861 1965 961 1994; x_wconf 92' lang='lat' dir='ltr'>cum</span> <span class='ocrx_word' id='word_1_221' title='bbox 985 1950 1226 1993; x_wconf 87' lang='lat' dir='ltr'>Stesichori</span> <span class='ocrx_word' id='word_1_222' title='bbox 1257 1950 1407 1992; x_wconf 81' lang='lat' dir='ltr'>fabula</span> <span class='ocrx_word' id='word_1_223' title='bbox 1440 1949 1606 2005; x_wconf 90' lang='lat' dir='ltr'>optime</span> <span class='ocrx_word' id='word_1_224' title='bbox 1628 1948 1836 2000; x_wconf 84' lang='lat' dir='ltr'>concinit,</span> 
     </span>
     <span class='ocr_line' id='line_1_26' title="bbox 145 2019 1837 2078; baseline -0.002 -14"><span class='ocrx_word' id='word_1_225' title='bbox 145 2037 278 2078; x_wconf 89' lang='lat' dir='ltr'>quam</span> <span class='ocrx_word' id='word_1_226' title='bbox 319 2035 411 2064; x_wconf 91' lang='lat' dir='ltr'>non</span> <span class='ocrx_word' id='word_1_227' title='bbox 453 2020 559 2062; x_wconf 87' lang='lat' dir='ltr'>satis</span> <span class='ocrx_word' id='word_1_228' title='bbox 591 2024 800 2064; x_wconf 81' lang='lat' dir='ltr'>accurate</span> <span class='ocrx_word' id='word_1_229' title='bbox 832 2021 903 2063; x_wconf 87' lang='lat' dir='ltr'>ille</span> <span class='ocrx_word' id='word_1_230' title='bbox 936 2021 1114 2077; x_wconf 86' lang='lat' dir='ltr'>quidem</span> <span class='ocrx_word' id='word_1_231' title='bbox 1147 2020 1390 2063; x_wconf 85' lang='lat' dir='ltr'>Pausanias</span> <span class='ocrx_word' id='word_1_232' title='bbox 1422 2019 1548 2061; x_wconf 87' lang='lat' dir='ltr'>nobis</span> <span class='ocrx_word' id='word_1_233' title='bbox 1580 2033 1837 2075; x_wconf 90' lang='lat' dir='ltr'>repraesen-</span> 
     </span>
     <span class='ocr_line' id='line_1_27' title="bbox 143 2090 1839 2148; baseline -0.002 -13"><span class='ocrx_word' id='word_1_234' title='bbox 143 2095 210 2135; x_wconf 88' lang='lat' dir='ltr'>tat</span> <span class='ocrx_word' id='word_1_235' title='bbox 241 2092 305 2134; x_wconf 87' lang='lat' dir='ltr'>IX</span> <span class='ocrx_word' id='word_1_236' title='bbox 330 2094 369 2144; x_wconf 77' lang='lat'>2,</span> <span class='ocrx_word' id='word_1_237' title='bbox 393 2095 438 2134; x_wconf 87' lang='lat'>3:</span> <span class='ocrx_word' id='word_1_238' title='bbox 488 2093 759 2147; x_wconf 78' lang='grc' dir='ltr'><strong><em>Στησίχορος</em></strong></span> <span class='ocrx_word' id='word_1_239' title='bbox 798 2094 820 2134; x_wconf 88' lang='grc' dir='ltr'>ὀ</span> <span class='ocrx_word' id='word_1_240' title='bbox 853 2090 1074 2148; x_wconf 81' lang='grc' dir='ltr'><em>Ἱμεραῖος</em></span> <span class='ocrx_word' id='word_1_241' title='bbox 1117 2092 1318 2147; x_wconf 79' lang='grc' dir='ltr'><em>ἔγραψεν</em></span> <span class='ocrx_word' id='word_1_242' title='bbox 1363 2092 1533 2146; x_wconf 80' lang='grc' dir='ltr'><em>ἐλάφου</em></span> <span class='ocrx_word' id='word_1_243' title='bbox 1577 2091 1839 2146; x_wconf 75' lang='grc' dir='ltr'><em>περιβαλεῖν</em></span> 
     </span>
     <span class='ocr_line' id='line_1_28' title="bbox 145 2162 1838 2219; baseline -0.002 -14"><span class='ocrx_word' id='word_1_244' title='bbox 145 2164 284 2219; x_wconf 77' lang='grc' dir='ltr'><em>δέρμα</em></span> <span class='ocrx_word' id='word_1_245' title='bbox 319 2162 560 2205; x_wconf 77' lang='grc' dir='ltr'><strong><em>Ἀκταίωνι</em></strong></span> <span class='ocrx_word' id='word_1_246' title='bbox 602 2164 685 2218; x_wconf 82' lang='grc' dir='ltr'>τὴν</span> <span class='ocrx_word' id='word_1_247' title='bbox 727 2163 853 2214; x_wconf 77' lang='grc' dir='ltr'><em>θεόν,</em></span> <span class='ocrx_word' id='word_1_248' title='bbox 899 2163 1333 2219; x_wconf 76' lang='grc' dir='ltr'><em>παρασκευάζουσάν</em></span> <span class='ocrx_word' id='word_1_249' title='bbox 1373 2165 1414 2204; x_wconf 80' lang='grc' dir='ltr'>οἱ</span> <span class='ocrx_word' id='word_1_250' title='bbox 1451 2163 1530 2204; x_wconf 87' lang='grc' dir='ltr'>τὸν</span> <span class='ocrx_word' id='word_1_251' title='bbox 1563 2162 1611 2203; x_wconf 78' lang='grc' dir='ltr'>ἐκ</span> <span class='ocrx_word' id='word_1_252' title='bbox 1642 2166 1734 2203; x_wconf 82' lang='grc' dir='ltr'>τῶν</span> <span class='ocrx_word' id='word_1_253' title='bbox 1766 2177 1838 2203; x_wconf 79' lang='grc' dir='ltr'>κυ-</span> 
     </span>
     <span class='ocr_line' id='line_1_29' title="bbox 143 2231 1838 2289; baseline -0.003 -12"><span class='ocrx_word' id='word_1_254' title='bbox 143 2240 240 2277; x_wconf 87' lang='grc' dir='ltr'>νῶν</span> <span class='ocrx_word' id='word_1_255' title='bbox 290 2235 511 2285; x_wconf 76' lang='grc' dir='ltr'>θάνατον,</span> <span class='ocrx_word' id='word_1_256' title='bbox 566 2238 641 2277; x_wconf 83' lang='grc' dir='ltr'>ἵνα</span> <span class='ocrx_word' id='word_1_257' title='bbox 688 2234 741 2289; x_wconf 78' lang='grc' dir='ltr'>ὀὴ</span> <span class='ocrx_word' id='word_1_258' title='bbox 787 2236 849 2289; x_wconf 79' lang='grc' dir='ltr'>μὴ</span> <span class='ocrx_word' id='word_1_259' title='bbox 896 2240 1089 2289; x_wconf 82' lang='grc' dir='ltr'><em>γυναῖκα</em></span> <span class='ocrx_word' id='word_1_260' title='bbox 1137 2234 1342 2288; x_wconf 81' lang='grc' dir='ltr'><em>Σεμέλην</em></span> <span class='ocrx_word' id='word_1_261' title='bbox 1388 2234 1533 2287; x_wconf 84' lang='grc' dir='ltr'><em>λάβοι,</em></span> <span class='ocrx_word' id='word_1_262' title='bbox 1585 2231 1691 2274; x_wconf 87' lang='lat' dir='ltr'>item</span> <span class='ocrx_word' id='word_1_263' title='bbox 1739 2245 1838 2273; x_wconf 91' lang='lat' dir='ltr'>cum</span> 
     </span>
     <span class='ocr_line' id='line_1_30' title="bbox 144 2302 1838 2360; baseline -0.001 -15"><span class='ocrx_word' id='word_1_264' title='bbox 144 2303 363 2356; x_wconf 87' lang='lat' dir='ltr'>Acusilao,</span> <span class='ocrx_word' id='word_1_265' title='bbox 399 2304 474 2360; x_wconf 91' lang='lat' dir='ltr'>qui</span> <span class='ocrx_word' id='word_1_266' title='bbox 510 2303 707 2348; x_wconf 86' lang='lat' dir='ltr'>narravit</span> <span class='ocrx_word' id='word_1_267' title='bbox 739 2305 891 2347; x_wconf 86' lang='lat' dir='ltr'>Iovem</span> <span class='ocrx_word' id='word_1_268' title='bbox 923 2302 1140 2345; x_wconf 88' lang='lat' dir='ltr'>Actaeoni</span> <span class='ocrx_word' id='word_1_269' title='bbox 1179 2302 1496 2353; x_wconf 87' lang='lat' dir='ltr'>suscensuisse,</span> <span class='ocrx_word' id='word_1_270' title='bbox 1546 2302 1664 2358; x_wconf 90' lang='lat' dir='ltr'>quod</span> <span class='ocrx_word' id='word_1_271' title='bbox 1705 2303 1838 2357; x_wconf 81' lang='grc' dir='ltr'><em>ἐμνη-</em></span> 
     </span>
     <span class='ocr_line' id='line_1_31' title="bbox 146 2371 1838 2431; baseline -0.003 -13"><span class='ocrx_word' id='word_1_272' title='bbox 146 2379 356 2418; x_wconf 81' lang='grc' dir='ltr'><em>στεύσατο</em></span> <span class='ocrx_word' id='word_1_273' title='bbox 388 2376 605 2431; x_wconf 77' lang='grc' dir='ltr'><em>Σεμέλην.</em></span> <span class='ocrx_word' id='word_1_274' title='bbox 654 2374 779 2426; x_wconf 87' lang='lat' dir='ltr'>Quae</span> <span class='ocrx_word' id='word_1_275' title='bbox 811 2374 988 2416; x_wconf 84' lang='lat' dir='ltr'>fabulae</span> <span class='ocrx_word' id='word_1_276' title='bbox 1019 2372 1162 2415; x_wconf 83' lang='lat' dir='ltr'>forma</span> <span class='ocrx_word' id='word_1_277' title='bbox 1195 2376 1238 2415; x_wconf 90' lang='lat' dir='ltr'>et</span> <span class='ocrx_word' id='word_1_278' title='bbox 1270 2372 1467 2428; x_wconf 81' lang='lat' dir='ltr'>genuina</span> <span class='ocrx_word' id='word_1_279' title='bbox 1499 2373 1619 2425; x_wconf 90' lang='lat' dir='ltr'>(nam</span> <span class='ocrx_word' id='word_1_280' title='bbox 1650 2371 1838 2414; x_wconf 88' lang='lat' dir='ltr'>Actaeo-</span> 
     </span>
     <span class='ocr_line' id='line_1_32' title="bbox 144 2443 1838 2499; baseline -0.002 -13"><span class='ocrx_word' id='word_1_281' title='bbox 144 2445 212 2487; x_wconf 89' lang='lat' dir='ltr'>nis</span> <span class='ocrx_word' id='word_1_282' title='bbox 240 2445 402 2488; x_wconf 89' lang='lat' dir='ltr'>similes</span> <span class='ocrx_word' id='word_1_283' title='bbox 428 2446 585 2488; x_wconf 86' lang='lat' dir='ltr'>heroes</span> <span class='ocrx_word' id='word_1_284' title='bbox 610 2459 632 2487; x_wconf 92' lang='lat' dir='ltr'>e</span> <span class='ocrx_word' id='word_1_285' title='bbox 655 2444 814 2486; x_wconf 77' lang='lat' dir='ltr'>fabulis</span> <span class='ocrx_word' id='word_1_286' title='bbox 847 2443 1040 2499; x_wconf 90' lang='lat' dir='ltr'>antiquis</span> <span class='ocrx_word' id='word_1_287' title='bbox 1073 2443 1279 2486; x_wconf 89' lang='lat' dir='ltr'>novimus</span> <span class='ocrx_word' id='word_1_288' title='bbox 1312 2443 1574 2497; x_wconf 89' lang='lat' dir='ltr'>complures,</span> <span class='ocrx_word' id='word_1_289' title='bbox 1609 2444 1658 2483; x_wconf 91' lang='lat' dir='ltr'>ut</span> <span class='ocrx_word' id='word_1_290' title='bbox 1691 2456 1838 2484; x_wconf 78' lang='lat' dir='ltr'>exem-</span> 
     </span>
     <span class='ocr_line' id='line_1_33' title="bbox 146 2512 1838 2571; baseline -0.002 -15"><span class='ocrx_word' id='word_1_291' title='bbox 146 2516 218 2571; x_wconf 89' lang='lat' dir='ltr'>pla</span> <span class='ocrx_word' id='word_1_292' title='bbox 259 2515 457 2567; x_wconf 79' lang='lat' dir='ltr'>afferam,</span> <span class='ocrx_word' id='word_1_293' title='bbox 497 2515 677 2570; x_wconf 82' lang='lat' dir='ltr'>Tityum</span> <span class='ocrx_word' id='word_1_294' title='bbox 720 2517 764 2557; x_wconf 91' lang='lat' dir='ltr'>et</span> <span class='ocrx_word' id='word_1_295' title='bbox 805 2513 1032 2568; x_wconf 89' lang='lat' dir='ltr'>Orionem)</span> <span class='ocrx_word' id='word_1_296' title='bbox 1073 2516 1117 2556; x_wconf 93' lang='lat' dir='ltr'>et</span> <span class='ocrx_word' id='word_1_297' title='bbox 1150 2516 1315 2569; x_wconf 74' lang='lat' dir='ltr'>{postea</span> <span class='ocrx_word' id='word_1_298' title='bbox 1355 2515 1526 2555; x_wconf 87' lang='lat' dir='ltr'>mutata</span> <span class='ocrx_word' id='word_1_299' title='bbox 1573 2515 1659 2565; x_wconf 77' lang='lat' dir='ltr'>est,</span> <span class='ocrx_word' id='word_1_300' title='bbox 1710 2512 1838 2555; x_wconf 86' lang='lat' dir='ltr'>Calli—</span> 
     </span>
     <span class='ocr_line' id='line_1_34' title="bbox 145 2582 1839 2639; baseline -0.002 -11"><span class='ocrx_word' id='word_1_301' title='bbox 145 2587 328 2628; x_wconf 90' lang='lat' dir='ltr'>machus</span> <span class='ocrx_word' id='word_1_302' title='bbox 352 2585 468 2628; x_wconf 89' lang='lat' dir='ltr'>enim</span> <span class='ocrx_word' id='word_1_303' title='bbox 491 2585 577 2627; x_wconf 92' lang='lat' dir='ltr'>iam</span> <span class='ocrx_word' id='word_1_304' title='bbox 609 2588 760 2627; x_wconf 86' lang='lat' dir='ltr'>narrat</span> <span class='ocrx_word' id='word_1_305' title='bbox 782 2585 1056 2626; x_wconf 88' lang='lat' dir='ltr'>Actaeonem</span> <span class='ocrx_word' id='word_1_306' title='bbox 1088 2583 1132 2625; x_wconf 91' lang='lat' dir='ltr'>in</span> <span class='ocrx_word' id='word_1_307' title='bbox 1167 2598 1217 2626; x_wconf 91' lang='lat' dir='ltr'>eo</span> <span class='ocrx_word' id='word_1_308' title='bbox 1251 2597 1475 2639; x_wconf 87' lang='lat' dir='ltr'>peccasse,</span> <span class='ocrx_word' id='word_1_309' title='bbox 1510 2583 1628 2639; x_wconf 90' lang='lat' dir='ltr'>quod</span> <span class='ocrx_word' id='word_1_310' title='bbox 1649 2582 1839 2624; x_wconf 89' lang='lat' dir='ltr'>Dianam</span> 
     </span>
     <span class='ocr_line' id='line_1_35' title="bbox 146 2652 1840 2712; baseline -0.002 -15"><span class='ocrx_word' id='word_1_311' title='bbox 146 2656 311 2698; x_wconf 87' lang='lat' dir='ltr'>nudam</span> <span class='ocrx_word' id='word_1_312' title='bbox 349 2655 669 2712; x_wconf 84' lang='lat' dir='ltr'>conspexisset.</span> <span class='ocrx_word' id='word_1_313' title='bbox 735 2655 823 2697; x_wconf 90' lang='lat' dir='ltr'>Sed</span> <span class='ocrx_word' id='word_1_314' title='bbox 866 2654 1036 2709; x_wconf 84' lang='lat' dir='ltr'>antiqui</span> <span class='ocrx_word' id='word_1_315' title='bbox 1073 2653 1239 2696; x_wconf 77' lang='lat' dir='ltr'>fuerint</span> <span class='ocrx_word' id='word_1_316' title='bbox 1281 2653 1342 2694; x_wconf 87' lang='lat' dir='ltr'>illi</span> <span class='ocrx_word' id='word_1_317' title='bbox 1386 2667 1541 2697; x_wconf 84' lang='lat' dir='ltr'>versus</span> <span class='ocrx_word' id='word_1_318' title='bbox 1592 2652 1708 2704; x_wconf 84' lang='lat' dir='ltr'>licet,</span> <span class='ocrx_word' id='word_1_319' title='bbox 1762 2667 1840 2694; x_wconf 90' lang='lat' dir='ltr'>cur</span> 
     </span>
     <span class='ocr_line' id='line_1_36' title="bbox 146 2722 1838 2780; baseline -0.002 -13"><span class='ocrx_word' id='word_1_320' title='bbox 146 2726 323 2768; x_wconf 85' lang='lat' dir='ltr'>demum</span> <span class='ocrx_word' id='word_1_321' title='bbox 356 2726 580 2769; x_wconf 70' lang='lat' dir='ltr'>hesiodei‘t)</span> <span class='ocrx_word' id='word_1_322' title='bbox 628 2726 713 2777; x_wconf 87' lang='lat' dir='ltr'>vel,</span> <span class='ocrx_word' id='word_1_323' title='bbox 754 2728 802 2767; x_wconf 90' lang='lat' dir='ltr'>ut</span> <span class='ocrx_word' id='word_1_324' title='bbox 835 2724 1007 2767; x_wconf 87' lang='lat' dir='ltr'>cautius</span> <span class='ocrx_word' id='word_1_325' title='bbox 1039 2724 1285 2780; x_wconf 88' lang='lat' dir='ltr'>loquamur,</span> <span class='ocrx_word' id='word_1_326' title='bbox 1320 2738 1407 2779; x_wconf 91' lang='lat' dir='ltr'>quo</span> <span class='ocrx_word' id='word_1_327' title='bbox 1442 2725 1705 2777; x_wconf 80' lang='lat' dir='ltr'>argumento</span> <span class='ocrx_word' id='word_1_328' title='bbox 1737 2722 1838 2765; x_wconf 79' lang='lat' dir='ltr'>freti</span> 
     </span>
     <span class='ocr_line' id='line_1_37' title="bbox 146 2793 1837 2850; baseline -0.002 -13"><span class='ocrx_word' id='word_1_329' title='bbox 146 2795 241 2838; x_wconf 88' lang='lat' dir='ltr'>illos</span> <span class='ocrx_word' id='word_1_330' title='bbox 272 2810 427 2840; x_wconf 88' lang='lat' dir='ltr'>versus</span> <span class='ocrx_word' id='word_1_331' title='bbox 460 2797 515 2839; x_wconf 89' lang='lat' dir='ltr'>ad</span> <span class='ocrx_word' id='word_1_332' title='bbox 547 2798 714 2839; x_wconf 89' lang='lat' dir='ltr'>Eoeam</span> <span class='ocrx_word' id='word_1_333' title='bbox 747 2796 801 2838; x_wconf 90' lang='lat' dir='ltr'>de</span> <span class='ocrx_word' id='word_1_334' title='bbox 835 2796 1013 2850; x_wconf 67' lang='lat' dir='ltr'>Cyl-ena</span> <span class='ocrx_word' id='word_1_335' title='bbox 1046 2797 1089 2837; x_wconf 94' lang='lat' dir='ltr'>et</span> <span class='ocrx_word' id='word_1_336' title='bbox 1121 2794 1323 2836; x_wconf 88' lang='lat' dir='ltr'>Aristaeo</span> <span class='ocrx_word' id='word_1_337' title='bbox 1356 2793 1601 2836; x_wconf 84' lang='lat' dir='ltr'>referamus</span> <span class='ocrx_word' id='word_1_338' title='bbox 1635 2794 1755 2846; x_wconf 85' lang='lat' dir='ltr'>(nam</span> <span class='ocrx_word' id='word_1_339' title='bbox 1787 2795 1837 2835; x_wconf 94' lang='lat' dir='ltr'>ut</span> 
     </span>
     <span class='ocr_line' id='line_1_38' title="bbox 148 2862 1839 2920; baseline -0.002 -12"><span class='ocrx_word' id='word_1_340' title='bbox 148 2880 325 2910; x_wconf 88' lang='lat' dir='ltr'>carmen</span> <span class='ocrx_word' id='word_1_341' title='bbox 355 2868 410 2909; x_wconf 91' lang='lat' dir='ltr'>de</span> <span class='ocrx_word' id='word_1_342' title='bbox 441 2867 670 2910; x_wconf 89' lang='lat' dir='ltr'>Actaeone</span> <span class='ocrx_word' id='word_1_343' title='bbox 701 2865 883 2909; x_wconf 86' lang='lat' dir='ltr'>Hesiodi</span> <span class='ocrx_word' id='word_1_344' title='bbox 916 2879 1080 2907; x_wconf 88' lang='lat' dir='ltr'>nomen</span> <span class='ocrx_word' id='word_1_345' title='bbox 1112 2878 1218 2920; x_wconf 88' lang='lat' dir='ltr'>prae</span> <span class='ocrx_word' id='word_1_346' title='bbox 1251 2878 1298 2907; x_wconf 92' lang='lat' dir='ltr'>se</span> <span class='ocrx_word' id='word_1_347' title='bbox 1329 2864 1479 2916; x_wconf 82' lang='lat' dir='ltr'>ferret,</span> <span class='ocrx_word' id='word_1_348' title='bbox 1512 2862 1610 2906; x_wconf 77' lang='lat' dir='ltr'>fieri</span> <span class='ocrx_word' id='word_1_349' title='bbox 1642 2862 1839 2919; x_wconf 84' lang='lat' dir='ltr'>potuisse</span> 
     </span>
     <span class='ocr_line' id='line_1_39' title="bbox 146 2936 610 2990; baseline 0.002 -12"><span class='ocrx_word' id='word_1_350' title='bbox 146 2936 335 2980; x_wconf 90' lang='lat' dir='ltr'>libenter</span> <span class='ocrx_word' id='word_1_351' title='bbox 367 2938 610 2990; x_wconf 81' lang='lat' dir='ltr'>concedo)‘?</span> 
     </span>
    </p>

    <p class='ocr_par' dir='ltr' id='par_1_4' title="bbox 267 3003 1838 3060">
     <span class='ocr_line' id='line_1_40' title="bbox 267 3003 1838 3060; baseline -0.003 -10"><span class='ocrx_word' id='word_1_352' title='bbox 267 3008 454 3060; x_wconf 87' lang='lat' dir='ltr'>Quando</span> <span class='ocrx_word' id='word_1_353' title='bbox 497 3008 570 3050; x_wconf 84' lang='lat' dir='ltr'>illa</span> <span class='ocrx_word' id='word_1_354' title='bbox 619 3007 797 3050; x_wconf 80' lang='lat' dir='ltr'>fabulae</span> <span class='ocrx_word' id='word_1_355' title='bbox 849 3006 989 3049; x_wconf 85' lang='lat' dir='ltr'>forma</span> <span class='ocrx_word' id='word_1_356' title='bbox 1034 3006 1131 3048; x_wconf 92' lang='lat' dir='ltr'>loco</span> <span class='ocrx_word' id='word_1_357' title='bbox 1183 3008 1304 3048; x_wconf 88' lang='lat' dir='ltr'>mota</span> <span class='ocrx_word' id='word_1_358' title='bbox 1356 3004 1591 3048; x_wconf 87' lang='lat' dir='ltr'>recentiori</span> <span class='ocrx_word' id='word_1_359' title='bbox 1643 3003 1838 3056; x_wconf 87' lang='lat' dir='ltr'>cesserit,</span> 
     </span>
    </p>
   </div>
   <div class='ocr_carea' id='block_1_3' title="bbox 220 3075 1626 3123">
    <p class='ocr_par' dir='ltr' id='par_1_5' title="bbox 220 3075 1626 3123">
     <span class='ocr_line' id='line_1_41' title="bbox 220 3075 1626 3123; baseline -0.003 -6"><span class='ocrx_word' id='word_1_360' title='bbox 220 3089 384 3123; x_wconf 76' lang='lat' dir='ltr'>Pasquali‚</span> <span class='ocrx_word' id='word_1_361' title='bbox 404 3089 613 3122; x_wconf 73' lang='lat' dir='ltr'>Quaestiones</span> <span class='ocrx_word' id='word_1_362' title='bbox 633 3088 875 3117; x_wconf 79' lang='lat' dir='ltr'>Callimacheae.</span> <span class='ocrx_word' id='word_1_363' title='bbox 1607 3075 1626 3108; x_wconf 83' lang='lat'><strong>7</strong></span> 
     </span>
    </p>
   </div>
  </div>
 </body>
</html>
