2180 3482
640 231 694 266 De
720 231 924 267 colonorum
948 231 1188 268 thessalorum
1213 234 1344 268 itinere
1756 234 1835 275 145

150 338 341 395 vestigia
386 336 621 380 thessalica
667 336 754 379 iam
795 336 996 381 inveniri.
1059 338 1117 380 At
1159 354 1184 380 a
1220 338 1412 381 Doribus
1446 337 1672 381 subiectae
1711 340 1835 391 sunt3

148 424 262 465 quae
304 423 409 452 vero
451 406 662 463 reliquiae
704 421 860 449 manus
904 408 1091 451 fortasse
1138 408 1244 450 satis
1289 409 1477 464 exiguae
1524 408 1659 451 fuisse
1707 410 1836 463 potu-

149 479 306 523 erunt?
384 478 477 530 Coi,
532 477 661 520 Cnidi
707 477 895 521 fortasse
946 478 1029 520 fuit
1081 494 1180 521 cum
1233 493 1386 522 omnes
1438 479 1608 522 incolae.
1658 478 1839 521 thessali

148 553 298 593 essent
312 549 353 604 ¹).

266 620 415 662 Nodos
437 618 626 662 maiores
650 619 978 671 extricavimus,
1002 623 1173 662 restant
1196 620 1401 663 minores.
1435 620 1503 662 De
1527 619 1835 672 Phoenicibus,

149 690 223 747 qui
246 691 437 733 Theram
470 692 574 732 ante
596 690 738 732 Dores
770 689 1047 733 habitassent
1075 691 1253 741 (Herod.
1278 691 1338 733 IV
1366 693 1478 742 147),
1513 704 1655 746 pauca
1686 705 1728 745 p.
1757 692 1837 731 113

147 761 311 803 monui.
374 760 587 803 Memoria
626 763 799 816 oportet
839 763 1070 803 teneamus
1102 761 1377 804 Herodotum
1411 759 1568 802 iniuria
1600 759 1838 802 credidisse

148 831 394 874 Phoenices
419 845 572 873 omnes
594 831 759 873 insulas
786 831 918 873 maris
940 831 1122 886 Aegaei,
1154 831 1247 874 fere
1278 834 1422 873 totum
1444 834 1661 873 terrarum
1687 830 1839 873 orbem

146 901 363 954 tenuisse;
396 902 476 944 hos
501 904 656 944 contra
677 915 798 944 mare
821 901 1049 956 Aegaeum
1072 904 1166 943 tum
1189 902 1366 944 demum
1390 900 1602 956 navigare
1625 900 1838 956 coepisse,

148 985 249 1014 cum
297 971 455 1014 Graeci
500 971 587 1014 iam
634 972 784 1014 Asiam
830 971 1046 1014 Minorem
1091 970 1443 1028 occupassent2).
1515 971 1637 1013 Idem
1689 973 1841 1013 narrat

149 1041 378 1094 Cadmum,
422 1056 522 1084 cum
555 1043 745 1085 Theram
777 1042 1034 1098 appulisset,
1074 1041 1160 1084 illic
1195 1056 1294 1084 cum
1327 1041 1435 1083 alios
1468 1040 1713 1084 Phoenices
1746 1043 1841 1082 tum

149 1126 172 1155 e
205 1112 295 1155 suis
322 1112 522 1168 cognatis
550 1112 881 1155 Membliareum
914 1112 1162 1168 reliquisse3
1197 1111 1313 1155 idem
1336 1113 1525 1154 Theram
1557 1111 1702 1167 ipsum
1735 1110 1840 1154 civi-

147 1183 252 1225 tatis
293 1183 469 1226 doricae
507 1184 678 1226 Therae
720 1182 995 1225 conditorem
1037 1182 1208 1238 origine
1250 1182 1495 1225 Cadmeum
1535 1181 1684 1224 fuisse.
1748 1182 1841 1223 Iam

150 1253 294 1296 elucet
326 1253 573 1296 Phoenices
612 1267 665 1296 ea
702 1268 792 1295 una
830 1254 884 1296 de
918 1268 1052 1295 causa
1083 1254 1256 1296 Therae
1288 1253 1526 1295 collocatos
1569 1266 1679 1305 esse,
1723 1252 1841 1308 quod

148 1323 242 1367 sive
289 1337 442 1366 omnes
475 1323 662 1366 Theraei
707 1323 801 1367 sive
845 1338 935 1366 una
973 1327 1095 1366 certa
1133 1338 1245 1379 gens
1284 1338 1331 1366 se
1365 1323 1531 1366 Cadmo
1575 1326 1839 1379 prognatam

148 1394 435 1450 praedicabat
448 1394 491 1446 ²³).
560 1394 808 1437 Verisimile
853 1398 921 1438 est
963 1395 1241 1438 Herodotum
1285 1394 1476 1450 primum
1523 1408 1600 1450 pro
1636 1393 1841 1436 Cadmeis

149 1464 395 1508 Phoenices
428 1464 721 1508 substituisse.

268 1535 481 1591 Superest
514 1538 562 1577 ut
595 1550 859 1591 quaeramus
889 1550 1003 1592 quae
1034 1538 1192 1591 gentes
1226 1539 1270 1578 et
1293 1539 1529 1592 spartanae
1563 1539 1606 1579 et
1632 1537 1840 1578 theraeae

151 1605 368 1649 Cadmum
391 1605 473 1648 sibi
497 1606 679 1662 stirpem
702 1606 981 1650 vindicarint.
1031 1607 1284 1649 Herodotus
1314 1606 1431 1649 enim
1464 1609 1613 1649 narrat
1637 1607 1714 1660 (IV
1743 1608 1839 1658 149)

150 1676 365 1732 Aegeum,
374 1676 643 1732 Aegidarum
659 1677 806 1731 gentis
818 1680 1054 1733 spartanae
1066 1677 1363 1720 nobilissimae
1376 1691 1659 1733 eponymum,
1671 1675 1843 1732 Oiolyci

148 1747 289 1790 filium
336 1747 485 1800 fuisse,
534 1749 706 1791 Therae
748 1762 803 1791 ex
844 1748 934 1790 filio
978 1751 1207 1804 nepotem3
1260 1748 1375 1791 idem
1419 1749 1575 1791 eodem
1606 1749 1703 1791 loco
1737 1747 1842 1791 dicit

151 1832 248 1861 esse
281 1819 452 1861 Therae
490 1818 535 1860 in
574 1818 718 1861 insula
757 1820 848 1862 ἀπὸ
879 1825 971 1862 τῶν
1003 1820 1185 1876 ἀνδρῶν
1216 1823 1387 1862 τούτων
1420 1822 1672 1875 γεγονότας.
1736 1819 1841 1861 Pin-

149 1889 282 1931 darus
320 1888 425 1932 item
467 1889 613 1944 (Pyth.
645 1890 683 1932 V
715 1892 769 1932 73
782 1904 877 1946 sqq.
918 1891 1009 1932 ἀπὸ
1046 1891 1259 1946 Σπάρτας
1293 1923 1300 1932 .
1331 1924 1340 1932 .
1369 1923 1377 1931 .
1408 1902 1431 1935 .·
1483 1891 1594 1933 ὅθεν
1633 1906 1841 1946 γεγεννα-

148 1962 277 2014 μένοι
330 1964 479 2003 ἵκοντο
528 1961 730 2016 Θήρανὸε
779 1967 922 2016 φῶτες
969 1961 1186 2016 Αἰγεΐδαι)
1240 1963 1391 2002 narrat
1437 1960 1630 2016 Aegidas
1683 1961 1844 2016 Sparta

149 2031 340 2072 Theram
389 2030 602 2085 migrasse
614 2031 659 2085 4).
735 2031 895 2073 Utrum
942 2030 1153 2086 Aegidae,
1201 2045 1312 2086 gens
1361 2034 1582 2086 spartana,
1642 2030 1842 2085 Cyrenas

149 2101 347 2156 migrarit
380 2115 437 2143 an
470 2115 526 2144 ex
563 2115 615 2144 eo
649 2115 814 2156 genere
847 2101 917 2144 alii
945 2102 1149 2158 Spartam
1184 2101 1255 2143 alii
1287 2102 1476 2144 Theram
1511 2101 1604 2145 sive
1636 2101 1799 2144 Thebis
1812 2101 1841 2155 ⁶)

273 2265 298 2311 ¹)
325 2266 379 2301 De
405 2266 543 2301 Cnidiis
569 2266 631 2301 cfr.
650 2277 683 2310 p.
706 2267 781 2301 116.

268 2325 295 2370 2)
321 2325 362 2360 Id
401 2326 494 2368 quod
531 2325 646 2360 Iulius
680 2325 812 2360 Beloch
849 2327 986 2369 primus
1025 2325 1289 2360 demonstravit
1327 2325 1407 2370 (Rh.
1438 2325 1529 2360 Mus.
1557 2326 1712 2361 XXXIV
1742 2325 1842 2365 1894,

151 2384 217 2417 111
229 2384 330 2428 sqq),
357 2395 451 2418 nunc
477 2395 598 2419 omnes
626 2385 868 2418 consentiunt.
918 2384 1021 2419 Illius
1047 2385 1248 2427 disputatio
1274 2395 1369 2419 nunc
1393 2384 1567 2419 historiae
1593 2395 1745 2428 graecae
1772 2384 1844 2418 edi-

151 2444 243 2476 tioni
269 2442 376 2477 alteri
402 2444 540 2477 inserta
566 2447 622 2478 est
649 2443 723 2488 (Gr.
743 2443 870 2478 Gesch.
888 2443 972 2486 122,
1000 2443 1045 2477 65
1056 2453 1130 2485 sqq.
1158 2444 1226 2477 245
1238 2444 1338 2488 sqq).

270 2501 296 2545 3)
323 2501 405 2536 Hoc
430 2502 504 2536 iam
531 2501 753 2536 Studniczka
779 2505 1026 2545 perspexerat.

266 2560 294 2604 ⁴)
321 2560 361 2594 Id
393 2570 436 2594 ex
475 2571 515 2594 eo
550 2560 627 2594 loco
665 2561 814 2595 obscuro
851 2561 994 2603 quidem
1029 2564 1066 2595 et
1101 2564 1331 2595 controverso
1368 2564 1465 2595 certe
1504 2561 1715 2595 concludere
1740 2560 1842 2595 licet:

149 2622 272 2653 utrum
298 2629 381 2653 vero
399 2619 580 2653 Pindarus
598 2630 644 2653 an
664 2618 790 2654 chorus
815 2619 996 2663 loquatur,
1024 2619 1108 2662 quid
1127 2622 1282 2666 πατέρες
1306 2619 1496 2663 significet,
1524 2630 1741 2662 quamquam
1766 2621 1843 2662 ipse

149 2678 187 2711 in
211 2677 489 2713 Wilamowitzii
515 2681 552 2712 et
577 2678 745 2712 Maltenii
771 2679 975 2721 opinionem
1001 2678 1145 2722 inclino,
1172 2689 1243 2712 non
1269 2682 1325 2713 est
1350 2689 1468 2713 meum
1495 2678 1702 2722 diiudicare,
1729 2689 1843 2720 neque

150 2736 215 2771 illa
249 2738 461 2778 quaestione
496 2738 616 2772 soluta
651 2737 804 2772 multum
838 2737 883 2771 ad
911 2737 1132 2780 Cyrenarum
1158 2737 1347 2772 historiam
1373 2737 1589 2772 noscendam
1615 2737 1841 2771 redundabit.

267 2795 294 2840 5)
322 2795 475 2830 Gentem
504 2796 700 2831 thebanam
734 2797 801 2830 hoc
835 2797 977 2830 nomine
1012 2796 1124 2830 fuisse
1156 2796 1249 2830 male
1275 2797 1426 2840 negavit
1453 2796 1685 2830 Studniczka.
1738 2796 1842 2840 Nam,

150 2858 235 2889 utut
261 2854 303 2888 de
328 2855 480 2889 Pindari
505 2866 537 2890 v.
558 2857 602 2890 76
634 2855 784 2899 iudicas,
819 2855 1054 2889 Androtionis
1086 2855 1197 2899 (apud
1223 2855 1346 2889 Tzetz.
1367 2855 1411 2888 ad
1437 2854 1611 2898 Lycophr.
1633 2855 1727 2899 495),
1763 2856 1843 2889 Ari-

151 2913 294 2947 stotelis
320 2912 443 2957 (schol.
471 2915 516 2948 ad
541 2914 666 2949 Isthm.
686 2914 756 2950 VH
773 2914 840 2959 18),
874 2913 1009 2956 Ephori
1034 2913 1158 2958 (schol.
1179 2913 1223 2947 ad
1249 2913 1356 2956 Pyth.
1376 2914 1407 2949 V
1424 2913 1516 2958 101),
1555 2913 1772 2947 scholiastae
1798 2913 1843 2948 ad

151 2971 260 3015 Pyth.
278 2972 370 3008 V96
402 2973 614 3007 testimonia
646 2984 715 3015 quo
747 2974 824 3007 iure
855 2974 893 3006 in
919 2972 1066 3007 dubium
1092 2974 1332 3007 revocantur?
1383 2972 1451 3006 Cir.
1472 2971 1730 3015 Wilamowitz,
1762 2973 1843 3006 Ari—

152 3030 302 3065 stoteles
328 3041 362 3065 u.
381 3031 501 3066 Athen
528 3032 606 3075 128,
635 3032 714 3066 adn.
736 3032 773 3074 6;
800 3031 939 3066 Malten
965 3042 997 3074 p.
1020 3032 1096 3066 171.

224 3100 389 3135 Pasquali,
408 3101 618 3134 Quaestiones
637 3101 880 3130 Callimacheae.
1588 3090 1632 3124 10
