2180 3482
808 233 862 268 De
888 245 943 268 vv.
963 234 1102 268 69—70
1741 237 1798 277 45

112 340 325 383 adversus
342 339 523 382 Lolliam
541 340 758 382 aemulam
776 338 1011 394 instigasse
1026 339 1073 394 ¹);
1098 339 1212 391 illuc,
1238 341 1355 396 quod
1377 355 1639 397 responsum
1662 342 1798 385 altero

113 426 152 467 p.
179 410 279 453 Chr.
304 427 346 457 n.
380 411 554 453 saeculo
578 410 857 453 Trocettanis
888 410 1080 453 civitatis
1103 410 1270 465 Lydiae
1296 411 1448 453 incolis
1479 413 1630 454 datum
1654 412 1711 454 ibi
1735 413 1798 455 in-

113 485 297 525 ventum
329 485 395 524 est
412 483 460 537 2).
525 480 803 536 Singularem
838 481 950 523 illius
982 481 1136 536 templi
1174 482 1481 525 auctoritatem
1514 498 1723 526 numerus
1757 487 1801 527 et

112 552 291 595 nomina
332 552 561 596 civitatum
602 555 845 608 praestant,
890 566 999 608 quas
1038 552 1108 595 vel
1150 552 1331 594 chorum
1366 553 1435 596 vel
1468 553 1542 609 qui
1576 555 1800 596 oraculum

114 624 397 667 consulerent
422 623 525 665 illuc
556 622 727 666 misisse
759 622 874 665 tituli
906 622 1087 665 alterius
1110 638 1150 678 p.
1176 622 1278 665 Chr.
1302 638 1344 665 n.
1370 624 1531 666 saeculi
1557 639 1581 666 a
1603 625 1800 680 Macridy

112 694 171 736 ibi
194 694 364 737 inventi
387 697 431 736 et
454 693 558 736 editi
576 696 797 736 testantur
815 684 996 748 (Osterr.
1016 694 1043 736 J
1047 694 1217 736 ahresh.
1244 694 1347 736 VIII
1372 696 1493 746 1905,
1522 695 1799 750 potissimum

112 779 153 820 p.
183 767 283 818 1713
316 764 403 807 XV
437 766 559 816 1912,
582 767 639 806 46
658 779 769 820 sqq„
803 764 1079 820 potissimum
1103 767 1195 819 56);
1234 764 1340 806 item
1371 764 1485 806 tituli
1512 765 1634 807 latini
1666 765 1801 821 legio-

112 850 217 877 num
247 849 527 878 romanarum
556 839 659 887 tres,
696 849 848 878 omnes
872 835 1025 878 iisdem
1054 835 1202 879 verbis
1229 835 1447 890 concepti,
1483 850 1669 891 quorum
1693 836 1802 878 alius

112 906 343 949 Borcovici
366 906 410 947 in
428 905 659 948 Britannia
682 906 793 959 (CIL
809 906 891 948 VII
906 909 1022 958 633),
1047 906 1157 948 alius
1179 905 1223 947 in
1246 905 1396 948 Africa
1417 906 1461 947 in
1485 906 1583 949 vico
1608 907 1803 950 Cabiliae

112 977 225 1031 (CIL
248 977 351 1020 VIII
374 979 520 1029 8351),
570 977 678 1019 alius
719 976 867 1020 Carini
907 977 952 1018 in
982 976 1206 1019 Dalmatia
1244 976 1355 1031 (CIL
1377 977 1439 1018 ΙΙΙ
1463 979 1593 1033 2880)
1634 977 1803 1033 positus

113 1051 198 1091 est:
218 1048 263 1089 in
282 1047 485 1090 omnibus
508 1047 670 1103 legitur
693 1050 756 1090 dis
779 1049 1015 1105 deabusque
1030 1050 1256 1091 secuudum
1275 1050 1652 1104 interpretationem
1671 1052 1805 1092 Clarii

112 1122 340 1175 Apollinis,
391 1118 550 1174 quibus
583 1132 927 1170 commovemur,
976 1121 1025 1160 ut
1074 1119 1305 1161 credamus
1352 1118 1551 1174 legiones
1598 1133 1804 1161 romanas

113 1189 362 1245 complures
395 1189 621 1231 oraculum
650 1189 844 1232 Clarium
877 1190 931 1232 de
964 1188 1164 1245 prodigio
1199 1190 1391 1245 quodam
1425 1189 1636 1245 singulari
1669 1190 1803 1233 inter-

112 1274 306 1315 rogasse,
349 1274 612 1316 responsum
647 1274 743 1303 esse
777 1262 826 1302 ut
858 1259 1062 1302 omnibus
1095 1259 1160 1302 dis
1194 1260 1452 1317 deabusque
1484 1275 1604 1303 aram
1638 1264 1803 1304 statue-

112 1334 212 1374 rent
225 1331 268 1385 ³).

230 1402 460 1458 Perpauca
505 1405 661 1444 contra
706 1401 960 1444 testimonia
1008 1405 1247 1458 supersunt
1290 1402 1450 1459 quibus
1491 1403 1805 1459 comprobetur

112 1473 362 1529 Apollinem
402 1473 472 1516 illo
518 1472 784 1528 cognomine
824 1476 1001 1529 praeter
1034 1472 1295 1529 Colophona
1331 1473 1375 1515 in
1416 1473 1510 1516 aliis
1549 1474 1805 1529 regionibus

112 1543 383 1596 invocatum,
417 1544 562 1587 Clario
595 1558 693 1586 aras
727 1543 992 1586 constitutas
1025 1558 1134 1587 esse.
1186 1544 1387 1587 Corinthi
1419 1544 1662 1587 Pausanias
1695 1545 1805 1588 vidit

113 1615 172 1669 (II
196 1616 235 1667 2,
259 1617 302 1670 8)
335 1615 585 1671 Apollinem
618 1628 807 1657 aeneum
840 1616 1076 1671 ἐπίκλησιν
1109 1616 1324 1672 Κλάριον.
1388 1615 1559 1671 Templi
1591 1615 1804 1671 Apollinis
1835 1609 1842 1616 ’

115 1684 261 1737 Clarii,
296 1686 415 1742 quod
446 1685 527 1728 fuit
558 1685 780 1740 Sagalassi
813 1685 858 1727 in
891 1685 1053 1741 oppido
1088 1685 1289 1738 Pisidiae,
1323 1685 1476 1728 titulus
1509 1685 1805 1729 dedicatorius

114 1759 317 1800 servatus
351 1760 416 1799 est
444 1756 1370 1812 (Lanckoronski—Petersen—Niemann,
1405 1757 1560 1803 Stadte
1583 1757 1805 1813 Pamphy-

112 1827 223 1870 liens
270 1828 363 1870 und
410 1828 627 1871 Pisidiens
658 1828 699 1870 II
722 1843 763 1884 p.
795 1829 893 1879 226,
939 1842 1003 1868 nr.
1035 1829 1120 1869 200
1144 1848 1197 1862 z
1221 1828 1356 1869 Inscr.
1388 1827 1585 1870 Graecae
1633 1828 1689 1870 ad
1737 1842 1806 1871 res

114 1898 337 1941 Romanas
369 1902 480 1955 pert.
504 1900 566 1941 III
589 1901 704 1953 342),
740 1898 814 1954 qui
836 1900 1026 1940 testatur
1048 1898 1153 1940 illud
1178 1899 1266 1953 [ἐπὶ
1288 1899 1563 1955 Κορνηλίου]
1592 1899 1804 1956 Πρόκλου

113 1975 192 2012 τοῦ
214 1972 485 2024 σεμνοτάτου
511 1970 761 2026 ἡγεμόνο[ς]
788 1972 1097 2012 consecratum
1122 1983 1232 2021 esse,
1267 1969 1384 2011 circa
1406 1983 1547 2012 annos
1578 1972 1805 2012 140-142

114 2055 154 2096 p.
180 2040 280 2084 Chr.
305 2056 347 2084 n.
410 2041 621 2084 Eiusdem
668 2040 762 2084 fere
811 2039 968 2083 aetatis
1016 2039 1212 2096 reliquae
1260 2040 1457 2083 eiusdem
1506 2039 1699 2083 civitatis
1740 2041 1805 2082 in—

113 2111 376 2168 scriptiones
399 2112 621 2164 videntur,
654 2111 699 2153 in
724 2111 884 2167 quibus
914 2113 1085 2167 ἀγῶνες
1110 2113 1320 2168 Κλάρειοι
1353 2111 1412 2153 ibi
1444 2111 1583 2153 habiti
1616 2126 1805 2155 comme-

112 2185 341 2225 morantur
381 2182 733 2235 (Lanckoro‘r'iski
764 2183 803 2224 II
836 2196 900 2223 nr.
930 2184 1010 2224 195
1042 2203 1094 2217 z
1125 2182 1261 2225 Inscr.
1288 2182 1487 2225 Graecae
1529 2183 1584 2224 ad
1616 2196 1686 2225 res
1720 2183 1805 2225 Ro-

113 2267 266 2296 manas
289 2257 399 2310 pert.
423 2254 485 2296 III
508 2257 611 2306 3613
646 2250 981 2296 Lanckoronski
1003 2253 1043 2294 II
1067 2255 1165 2305 201,
1190 2256 1235 2305 3;
1270 2255 1368 2305 202,
1393 2256 1450 2307 8).
1496 2253 1658 2309 Atque,
1688 2254 1806 2309 quod

113 2324 289 2380 saepius
322 2324 588 2381 Philippiani
620 2324 725 2368 Vari
765 2326 1049 2381 ἀγωνοθέται
1088 2325 1159 2367 διὰ
1198 2327 1297 2380 βίου
1337 2327 1529 2381 ἀγώνων
1561 2324 1806 2380 Κλαρείων

113 2394 157 2437 in
179 2395 246 2437 his
272 2395 410 2438 titulis
433 2396 642 2438 dicuntur
664 2393 1017 2450 (Lanckoronski
1039 2396 1079 2437 Π
1102 2397 1196 2446 195,
1221 2397 1266 2447 2;
1291 2397 1389 2447 202,
1420 2397 1501 2447 13),
1527 2395 1645 2451 quod
1668 2396 1716 2437 T.
1741 2395 1804 2437 Fl.

232 2514 258 2559 ¹)
284 2514 397 2549 Recte
423 2515 517 2548 enim
543 2513 769 2558 Bureschius‚
797 2516 1006 2550 oraculum
1033 2524 1112 2548 cum
1138 2514 1314 2556 scriptum
1331 2513 1470 2547 feratur
1495 2515 1806 2556 interrogatum-

115 2584 186 2618 que
208 2573 406 2618 Apollinis
434 2573 562 2609 Clarii
586 2575 865 2617 simulacrum,
893 2573 1100 2608 emendasse
1126 2573 1270 2607 videtur
1296 2572 1342 2617 (p.
1364 2573 1419 2607 39.
1448 2572 1528 2607 adn.
1549 2572 1595 2617 3).

232 2632 259 2677 2)
285 2632 351 2667 Ille
371 2632 503 2667 titulus
529 2632 643 2667 denuo
669 2636 753 2676 post
776 2632 1011 2667 Bureschium
1038 2632 1156 2666 editus
1181 2634 1238 2666 est
1263 2643 1284 2666 a
1309 2631 1331 2665 J
1335 2631 1464 2674 osepho
1483 2631 1567 2665 Keil
1593 2634 1630 2665 et
1647 2631 1805 2665 Antonio

115 2691 157 2726 de
174 2692 418 2726 Premerstein
438 2692 579 2736 (Erster
596 2691 846 2726 Reiseberieht
864 2702 929 2726 aus
947 2691 1086 2734 Lydien
1104 2691 1162 2735 [=
1181 2690 1330 2725 Wiener
1348 2690 1546 2724 Denkschr.
1565 2690 1636 2734 53],
1663 2701 1715 2724 nr.
1736 2690 1804 2734 16).

115 2750 230 2793 Quam
254 2750 503 2794 pestilentiam
521 2750 650 2793 Apollo
675 2752 869 2785 removisse
896 2749 1133 2793 praedicetur,
1161 2749 1360 2793 ambigitur
1386 2749 1460 2793 (cfr.
1480 2748 1563 2783 Keil
1590 2752 1626 2783 et
1645 2749 1806 2783 Premer-

115 2811 221 2854 stein,
246 2820 279 2853 p.
300 2809 375 2854 10);
402 2820 472 2843 non
498 2809 540 2843 de
566 2810 702 2844 maiore
726 2813 849 2844 tamen
875 2810 994 2852 spatio
1020 2808 1192 2852 litigatur
1217 2818 1325 2850 quam
1351 2809 1393 2842 de
1421 2808 1611 2842 decenniis.

233 2869 260 2914 ²)
286 2868 395 2903 Aliud
413 2870 672 2911 testimonium,
700 2879 780 2903 cum
798 2870 916 2903 minus
935 2871 1061 2902 notum
1079 2867 1258 2911 videatur,
1284 2867 1350 2902 hoc
1375 2867 1451 2902 loco
1478 2871 1618 2910 repeto:
1645 2866 1806 2901 Noviseli

116 2928 153 2961 in
171 2927 346 2971 Bulgaria
363 2927 495 2962 titulus
521 2928 692 2962 inventus
719 2931 775 2962 est
800 2927 950 2962 mutilus
977 2928 1109 2961 aetatis
1135 2937 1315 2970 romanae,
1342 2937 1410 2968 quo
1438 2925 1661 2970 Ἀνχιαλεῐς
1686 2927 1805 2960 nescio

116 2986 201 3027 quid
213 2985 318 3030 [κατὰ
331 2986 540 3032 χρη]ζμοὺς
554 2986 653 3031 τοὺ[ς
667 2986 933 3030 Ἀπόλλ]ωνος
943 2985 1235 3030 Κολοφω[νίου]
1247 2995 1283 3019 se
1298 2986 1460 3028 posuisse
1475 2988 1661 3019 testantur
1670 2985 1806 3029 (Arch-

117 3054 171 3087 ep.
191 3044 336 3078 Mitteil.
355 3045 388 3078 X
410 3045 510 3089 1886,
531 3046 621 3089 148).
