2180 3482
325 229 404 270 146
953 224 1007 259 De
1032 222 1165 260 fabulis
1191 227 1377 268 cyrenaeis

323 333 416 376 sive
464 347 487 375 e
527 330 753 374 Thessalia
767 330 795 384 1)
848 329 1081 385 migrarint
1127 344 1185 373 an
1229 330 1477 386 complures
1521 332 1679 385 gentes
1725 329 2013 386 cognomines

321 402 604 445 multifariam
635 401 814 452 fuerint,
849 415 964 456 quae
996 415 1087 443 non
1121 403 1224 444 ante
1246 400 1426 443 Pindari
1457 403 1651 443 aetatem
1683 400 1899 456 originem
1933 400 2015 442 sibi

323 486 602 517 communem
625 471 926 515 vindicassent
939 470 983 525 2),
1016 486 1108 514 non
1141 478 1209 515 est
1240 485 1387 514 meum
1420 470 1632 524 iudicare3
1669 485 1938 527 quamquam
1970 470 2016 513 in

320 545 435 586 hanc
459 542 604 599 potius
629 541 883 598 opinionem
906 541 1083 594 inclino,
1119 541 1487 598 quotiescumque
1513 541 1653 597 Aegei
1675 540 2016 584 Atheniensium

322 614 438 669 regis
470 614 515 655 in
547 616 742 655 mentem
776 612 918 665 venit3
952 627 1056 654 nam
1084 626 1139 655 ex
1162 627 1252 654 una
1273 612 1410 668 stirpe
1431 612 1625 667 Aegidas
1647 612 1864 654 thessalos
1888 612 2017 653 dores

324 685 482 727 atticos
516 687 634 726 ortos
668 697 765 726 esse
798 682 896 739 quis
927 682 1057 725 facile
1091 683 1274 725 credat?
1318 682 1375 724 At
1409 696 1563 725 omnes
1596 683 1650 724 ab
1683 682 1900 724 undarum
1935 682 2017 724 deo

324 755 539 811 originem
571 754 891 810 repetiverunt.
946 754 1044 796 Hoc
1075 768 1214 795 unum
1249 756 1419 796 certum
1450 752 1639 805 videtur,
1673 752 1793 794 illum
1829 752 2018 808 primum

325 827 548 868 Theraeos
597 824 815 867 Cadmeos
870 823 1048 876 dixisse,
1105 824 1181 880 qui
1223 823 1269 865 in
1317 823 1463 866 animo
1516 823 1702 866 haberet
1748 823 2018 878 Aegidarum

326 900 369 939 et
415 897 695 939 theraeorum
743 898 785 938 et
835 897 1145 950 spartanorum
1197 893 1366 950 gratiae
1419 897 1463 937 et
1510 893 1737 949 potentiae
1787 893 2016 936 inservire.

325 968 382 1009 At
428 980 577 1022 neque
618 965 816 1021 Aegidae
866 964 1187 1008 lacedaemonii
1240 979 1342 1007 cum
1387 964 1581 1007 theraeis
1628 977 1776 1020 neque
1822 963 2020 1019 Aegidae

325 1037 493 1081 theraei
532 1036 747 1091 originem
787 1051 887 1079 cum
925 1035 1267 1079 lacedaemoniis
1308 1048 1590 1078 communem
1632 1048 1845 1091 quaerere
1891 1037 2019 1090 potu-

328 1111 469 1159 erunt,
510 1111 750 1163 antequam
782 1107 898 1149 inter
930 1121 1083 1149 omnes
1117 1106 1315 1149 constitit
1348 1106 1538 1149 Theram
1569 1104 2021 1148 Lacedaemoniorum

328 1178 544 1221 coloniam
577 1178 725 1220 tuisse.
780 1178 892 1219 Nam
924 1180 1162 1233 propterea
1194 1178 1228 1219 T
1233 1178 1385 1219 heram
1417 1175 1871 1219 Lacedaemoniorum
1905 1175 2020 1218 colo-

327 1249 445 1290 niam
479 1249 642 1290 dictam
677 1262 773 1290 esse
807 1248 925 1303 quod
957 1261 1100 1303 genus
1132 1248 1364 1290 theraeum
1397 1246 1479 1288 sibi
1519 1245 1735 1302 originem
1767 1248 2022 1302 spartanam

328 1319 587 1371 vindicaret,
621 1319 657 1360 is
679 1321 854 1360 tantum
876 1317 1005 1361 facile
1029 1318 1227 1360 censebit
1251 1317 1327 1373 qui
1352 1332 1516 1372 magna
1549 1332 1574 1359 a
1596 1317 1744 1373 parvis
1769 1315 2021 1372 explicabit.

330 1390 497 1433 Contra
530 1389 886 1432 concludendum
911 1392 990 1441 est,
1023 1392 1262 1445 postquam
1286 1387 1405 1430 credi
1427 1390 1636 1443 coeptum
1659 1390 1777 1430 esset
1799 1388 2022 1430 'Pheraeos

330 1461 498 1516 origine
532 1464 741 1516 spartana
772 1459 921 1512 fuisse,
964 1463 1149 1515 gentem
1182 1460 1409 1501 theraeam
1450 1458 1728 1514 eandemque
1770 1460 2024 1514 spartanam

330 1531 436 1583 sive,
478 1531 596 1587 quod
634 1530 740 1572 nihil
783 1529 946 1582 differt,
999 1533 1158 1586 gentes
1205 1532 1462 1585 spartanam
1501 1531 1545 1572 et
1583 1529 1813 1571 theraeam
1859 1542 2023 1583 cogno-

330 1602 470 1644 mines
509 1601 790 1657 praedicasse
823 1615 846 1643 e
879 1601 1023 1643 Thera
1068 1600 1260 1643 civitatis
1301 1613 1522 1656 eponymo
1554 1599 1749 1654 Aegidas
1780 1601 2025 1655 prognatos

332 1687 442 1724 esse,
478 1673 560 1714 sibi
584 1672 807 1727 singulare
841 1672 1062 1728 quoddam
1095 1671 1163 1714 ius
1196 1671 1241 1712 in
1274 1670 1392 1713 illam
1424 1670 1614 1712 insulam
1644 1672 1882 1726 propterea
1915 1683 2025 1721 esse,

335 1744 453 1799 quod
485 1743 571 1785 iam
605 1746 709 1785 ante
742 1743 932 1785 Theram
972 1741 1164 1797 cognati,
1207 1741 1486 1784 Cadmeones
1525 1739 1706 1792 scilicet,
1747 1739 1864 1782 illam
1903 1739 2026 1782 habi-

333 1818 515 1857 tassent.
570 1813 806 1856 Maltenius
838 1827 944 1856 vero
979 1815 1038 1869 (p.
1071 1815 1168 1867 178)
1192 1812 1408 1855 Hillerum
1432 1812 1621 1865 (Therae
1642 1811 1704 1853 ΙΙΙ
1727 1813 1798 1862 61)
1834 1813 2026 1862 secutus,

333 1886 435 1928 inde
478 1885 597 1941 quod
638 1898 803 1927 nomen
835 1885 1095 1937 Macotddag
1137 1884 1308 1926 Therae
1350 1882 1396 1924 in
1436 1882 1564 1924 titulo
1605 1882 1780 1937 legatur
1820 1881 1920 1937 rupi
1961 1881 2027 1923 in-

333 1957 505 2012 sculpto
530 1955 607 2009 (IG
628 1956 714 1997 XII
738 1958 777 2007 3,
803 1955 945 2011 suppl.
976 1957 1101 2006 1440)
1127 1953 1202 2011 qui
1229 1968 1253 1996 e
1286 1954 1445 1997 dextra
1478 1953 1533 1995 ad
1561 1952 1785 1995 sinistram
1808 1953 2027 2005 decurrat,

335 2026 555 2069 concludit
601 2026 706 2067 satis
748 2025 932 2081 antiqua
965 2029 1112 2068 aetate
1144 2024 1231 2067 illic
1262 2024 1399 2067 fuisse
1433 2023 1508 2080 qui
1540 2023 1595 2065 ab
1627 2023 1779 2078 Aegeo
1814 2022 2029 2078 originem

335 2100 609 2153 repeterent:
652 2096 839 2151 Spartae
873 2095 990 2139 enim
1023 2098 1212 2147 ΆΙαῖσιν,
1254 2094 1424 2150 Hyraei
1455 2094 1609 2146 filium,
1642 2093 1782 2148 Aegei
1819 2096 2029 2149 nepotem

337 2167 504 2219 Cadmi,
540 2166 724 2222 Oiolyci‚
758 2166 898 2221 Aegei
921 2167 1082 2209 sacella
1105 2165 1355 2209 condidisse
1379 2163 1621 2207 Pausanias
1648 2166 1837 2206 testatur
1864 2164 1942 2217 (III
1964 2166 2028 2215 15,

340 2241 426 2289 18„
477 2241 519 2279 at
561 2237 658 2293 quis
692 2237 771 2280 erit
819 2237 894 2293 qui
940 2251 995 2279 ex
1036 2251 1125 2279 uno
1164 2235 1386 2288 1100111103)
1427 2250 1517 2278 non
1557 2234 1654 2277 dico
1693 2234 1916 2278 communi
1954 2234 2032 2277 sed

336 2309 462 2350 simili
496 2308 588 2351 sive
622 2309 676 2350 ab
710 2309 865 2351 eadem
907 2307 1043 2364 stirpe
1083 2307 1281 2350 derivato
1327 2306 1566 2363 quicquam
1599 2305 1807 2361 colligere
1840 2305 2030 2348 audeat?

336 2380 483 2435 Atque
522 2379 616 2435 ipse
648 2378 884 2421 Maltenius
918 2380 976 2434 (p.
1007 2381 1104 2431 181)
1147 2380 1283 2433 negat
1315 2376 1509 2432 Aegidas
1547 2380 1652 2420 ante
1683 2376 1758 2419 VI.
1806 2376 2029 2419 saeculum

457 2497 481 2541 ¹)
510 2497 545 2531 Si
573 2508 590 2531 e
617 2498 760 2530 nomine
778 2507 859 2531 raro
882 2496 944 2531 illo
963 2496 1107 2539 quidem
1130 2495 1318 2537 Οἰόλυκος
1342 2496 1381 2530 111
1406 2494 1517 2529 titulo
1544 2493 1728 2538 pharsalio
1753 2493 1818 2528 ΠΙ.
1846 2505 1877 2528 a.
1898 2493 1978 2528 Chr.
1997 2504 2031 2528 n.

337 2556 472 2590 saeculi
499 2556 563 2601 (IG
577 2556 628 2590 IX
643 2556 673 2599 2,
694 2556 775 2600 234)
803 2557 995 2598 quicquam
1022 2566 1101 2590 cum
1126 2555 1302 2589 Maltenio
1329 2554 1375 2599 (p.
1398 2554 1478 2599 179)
1506 2553 1675 2598 colligere
1699 2553 1796 2588 licet.

455 2615 482 2659 2)
509 2615 713 2658 Apollinem
740 2615 941 2657 delphicum
967 2614 1185 2650 dijudicasse
1212 2615 1506 2656 antiquissimam
1531 2612 1753 2657 Aegidarum
1779 2611 1899 2646 sedem
1924 2611 2033 2645 Lace-

339 2675 546 2708 daemonem
577 2674 687 2708 fuisse
717 2674 870 2718 legimus
896 2674 991 2717 apud
1016 2673 1217 2707 Pindarum
1241 2672 1362 2717 (Pyth.
1382 2672 1474 2708 V96
1500 2673 1538 2706 τὸ
1566 2672 1597 2706 δ’
1616 2672 1712 2716 ἐμὸν
1736 2671 1878 2715 γαρύει,
1905 2669 2033 2712 Apollo

339 2734 487 2777 scilicet,
527 2735 601 2767 ἀπὸ
628 2734 804 2778 Σπάρτας
842 2735 1030 2778 ἐπήρατον
1064 2732 1196 2774 κλέος,·
1232 2733 1364 2777 γαρύει
1398 2741 1462 2774 pro
1500 2731 1678 2775 γαρύεται
1714 2728 2034 2768 Wilamowitzius,

339 2792 640 2836 Textgeschichte
666 2792 728 2826 der
753 2792 908 2835 Lyriker
933 2792 988 2834 99,
1017 2791 1098 2826 adn.
1117 2792 1163 2835 2).
1216 2790 1286 2825 Cir.
1305 2790 1444 2824 Malten
1470 2800 1503 2833 p.
1524 2790 1603 2823 171.

458 2852 484 2895 3)
511 2851 605 2885 Nam
630 2852 776 2885 nomina
800 2851 939 2895 Αἰγεύς
965 2855 1001 2885 et
1031 2849 1220 2892 Οἰόλυκος
1246 2849 1311 2893 (IG
1328 2848 1380 2883 IX
1394 2849 1426 2891 3,
1453 2847 1568 2891 suppl.
1589 2847 1690 2888 1502,
1719 2846 1824 2891 1549)
1850 2847 1889 2880 in
1913 2845 2034 2880 titulis

339 2909 511 2953 leguntur
536 2910 672 2944 litteris
699 2911 855 2953 apicatis
882 2910 1106 2952 conscriptis.
1135 2929 1177 2932 —
1204 2907 1364 2952 Aegidas
1391 2907 1541 2950 Cyrenis
1573 2906 1685 2940 fuisse
1711 2916 1826 2947 neque
1851 2905 1889 2938 in
1915 2905 2034 2938 animo

341 2972 396 3002 est
428 2968 607 3003 affirmare
645 2979 758 3010 neque
793 2979 938 3012 negare,
974 2968 1035 3002 sed
1069 2977 1212 3002 monere
1239 2977 1321 3001 eum
1345 2965 1495 3001 titulum
1520 2966 1557 2999 in
1583 2975 1651 3007 quo
1678 2963 1881 2999 Boeckhius
1906 2972 2035 2997 nomen

347 3025 531 3068 Οἰόλυκος
558 3030 653 3060 recte
681 3028 845 3061 restituit
872 3027 966 3071 (CIG
984 3027 1039 3060 III
1057 3026 1173 3071 5258),
1210 3029 1334 3060 aetate
1370 3025 1511 3059 demum
1546 3034 1696 3058 romana
1730 3026 1920 3058 exaratum
1946 3031 2034 3056 esse.
