2180 3482
793 247 846 279 De
872 257 928 279 vv.
952 246 1133 279 110—-112
1752 245 1808 283 89

120 355 255 406 αὖθις
279 355 301 394 ὁ
329 356 546 409 γεννήσας
580 355 726 394 οὑτοσὶ
750 353 860 404 Ζεὺς
891 355 943 407 τῇ
967 352 1250 407 Φερρεφάῐτῃ
1282 355 1335 406 τῇ
1366 351 1556 404 θυγατρὶ
1587 351 1696 402 μετὰ
1727 350 1809 404 τὴν

119 426 287 480 μητέρα
330 426 411 479 τὴν
444 422 565 478 Δ·ηώ;
612 424 676 473 15,
697 424 750 462 22
790 423 1002 476 ἀλωμένη
1041 423 1124 476 γὰρ
1167 425 1190 475 ἡ
1228 421 1326 475 Δηὼ
1365 423 1474 462 κατὰ
1516 421 1695 474 ζήτησιν
1734 423 1810 474 τῆς

117 497 341 550 θυγατρὸς
372 499 449 549 τῆς
485 494 636 548 Κόρης
671 496 773 547 περὶ
806 495 887 547 τὴν
920 491 1178 538 ’,Ιδλευσῖνω
1234 494 1297 541 16,
1322 493 1350 531 4
1383 490 1598 543 ξενίσασα
1636 493 1658 544 ι’]
1694 491 1809 531 Βαυ-

119 567 185 620 βὼ
224 568 304 620 τὴν
337 564 450 619 Δηώ,
490 565 538 604 ut
589 562 681 605 eius
732 562 924 604 animum
982 561 1152 613 efferat,
1206 560 1360 602 salsius
1410 574 1541 615 quam
1582 558 1810 601 honestius

119 634 344 687 iocatur¹),
386 638 413 689 ἡ
456 634 503 675 δὲ
546 635 630 683 (16,
655 635 698 686 8)
740 635 944 688 τέρπειαι
985 633 1034 688 τῇ
1079 635 1183 685 ὄψει
1229 635 1251 686 ἡ
1293 632 1405 686 Δηώ.
1468 630 1538 671 An
1580 630 1810 671 credamus

119 705 239 746 illum
281 704 437 746 librum
483 703 673 759 aliquem
716 702 895 745 minime
928 703 1155 757 vulgarem
1199 701 1240 742 in
1286 716 1413 743 suum
1455 715 1582 742 usum
1625 713 1809 742 conver-

120 775 225 817 tisse
265 776 395 830 (quae
429 773 544 815 enim
578 776 727 815 narrat,
760 775 804 815 et
836 776 1043 815 accurata
1076 775 1179 814 sunt
1212 775 1255 814 et
1287 786 1376 813 non
1409 774 1497 812 tam
1535 770 1809 825 pervulgata,

120 848 166 886 ut
191 859 243 887 ea
266 844 461 900 undique
490 858 692 899 promere
723 843 948 899 potuerit),
982 842 1149 884 nomini
1182 856 1285 885 vero
1310 842 1514 898 Δημήτηρ
1547 840 1810 883 vocabulum

119 915 220 971 Δηώ
253 929 278 956 a
310 918 541 969 poetarum
581 913 902 956 consuetudine
945 916 1171 968 arreptum
1210 926 1288 967 per
1326 911 1550 953 libidinem
1589 910 1811 965 quandam

121 984 428 1027 substituisse?
491 984 548 1026 At
582 983 796 1040 Stephani
829 983 1067 1038 Byzantini
1099 981 1352 1025 testimonio
1387 980 1660 1036 impedimur,
1702 995 1811 1035 quo-

121 1055 266 1097 minus
310 1056 541 1098 credamus
579 1069 713 1096 unam
747 1054 953 1096 Cererem
986 1052 1258 1095 Eleusiniam
1291 1052 1353 1093 ita
1393 1051 1660 1107 appellatam
1701 1063 1811 1093 esse.

121 1126 213 1167 Sub
246 1140 357 1168 voce
397 1125 513 1168 enim
547 1127 732 1181 Γέφυρα
766 1125 820 1165 ab
853 1125 937 1165 hoc
969 1125 1202 1175 Tanagrae
1234 1121 1412 1163 nomine
1446 1121 1629 1176 antiquo
1663 1121 1812 1176 Γεφυ-

119 1200 254 1252 ραίανν
285 1197 385 1252 Δηώ
418 1196 685 1251 appellatam
719 1209 815 1237 esse
848 1193 966 1245 dicit,
1002 1193 1043 1235 id
1077 1196 1157 1245 est,
1197 1195 1246 1234 ut
1279 1192 1415 1244 aiunt,
1451 1192 1660 1234 Cererem
1692 1190 1812 1232 illam

118 1268 326 1321 Ἀχαιίαν,
361 1266 485 1308 cuius
512 1265 770 1320 religionem
793 1266 999 1319 Tanagra
1020 1264 1218 1306 Athenas
1245 1263 1505 1305 translatam
1533 1276 1629 1304 esse
1662 1275 1812 1303 narra-

122 1336 235 1380 verit
258 1337 512 1379 Herodotus
535 1337 573 1379 V
598 1339 665 1377 61.
715 1336 773 1377 At
795 1335 900 1377 illud
923 1335 1023 1391 Δηώ
1056 1348 1146 1376 non
1180 1334 1225 1375 in
1259 1333 1484 1375 codicibus
1516 1331 1704 1374 traditur
1737 1332 1813 1374 sed

121 1422 144 1450 e
187 1406 388 1449 codicum
441 1407 706 1449 lectionibus
763 1423 872 1463 ηηω,
927 1407 1038 1461 mim}
1085 1404 1335 1447 restitutum
1386 1406 1465 1454 est,
1520 1402 1814 1446 verisimiliter

120 1478 163 1520 id
208 1477 399 1534 quidem,
455 1478 532 1520 sed
576 1481 727 1519 tamen
772 1476 1039 1527 restitutum,
1095 1478 1143 1516 ut
1191 1489 1281 1516 non
1328 1473 1459 1516 liceat
1506 1473 1576 1515 illa
1623 1472 1814 1515 lectione

121 1548 245 1604 quasi
278 1548 441 1590 tradita
473 1548 566 1590 niti.
616 1548 674 1589 At
706 1547 930 1602 fingamus
963 1546 1081 1602 apud
1105 1546 1381 1601 Stephanum
1405 1548 1431 1600 ἡ
1454 1545 1690 1600 Γεφυραία
1713 1543 1813 1599 Δηώ

119 1618 329 1660 traditum
369 1633 478 1670 esse,
526 1618 631 1674 quid
663 1618 766 1660 inde
805 1616 1119 1672 consequitur?
1183 1616 1308 1667 Nam,
1358 1618 1405 1656 ut
1453 1614 1679 1656 mittamus
1717 1612 1842 1655 fieri'

122 1689 317 1744 potuisse
350 1692 395 1731 ut
430 1689 501 1732 ille
532 1690 647 1730 hanc
680 1689 870 1743 glossam
896 1702 919 1730 e
942 1687 1084 1743 poetis
1116 1686 1418 1729 hellenisticae
1451 1685 1609 1727 aetatis
1642 1698 1813 1740 prome-

121 1762 200 1811 ret,
250 1759 347 1815 quis
386 1759 471 1801 iam
510 1760 728 1815 spondeat
768 1759 1045 1814 Stephanum
1085 1758 1251 1799 cultum
1291 1758 1601 1811 Tanagraeum
1641 1754 1814 1798 Cereris

120 1835 196 1885 τῆς
228 1831 488 1886 Γεφυραίας
520 1829 727 1872 novisse?
775 1830 843 1870 Ex
877 1827 1091 1871 Herodoti
1125 1827 1242 1870 enim
1270 1828 1324 1880 (V
1345 1830 1416 1878 57>
1450 1825 1705 1868 narratione
1731 1826 1815 1867 hoc

121 1915 259 1942 unum
311 1901 667 1943 concludendum
716 1902 795 1952 est,
845 1900 1148 1955 Gephyraeos,
1203 1897 1277 1954 qui
1329 1897 1589 1951 religionem
1642 1895 1814 1938 Cereris

120 1972 307 2025 Ἀχαίας
343 1971 468 2026 quasi
501 1971 724 2027 quandam
758 1970 1026 2026 peculiarem
1060 1972 1102 2011 et
1136 1968 1357 2024 propriam
1392 1968 1601 2018 colerent,
1635 1968 1815 2021 gentem

122 2041 427 2084 atheniensem
474 2041 623 2093 fuisse,
673 2055 788 2097 quae
836 2055 883 2083 se
929 2039 1131 2096 primitus
1179 2038 1379 2081 Eretriae
1427 2037 1664 2089 habitasse,
1713 2037 1816 2078 inde

122 2113 372 2167 Tanagram
411 2111 601 2163 venisse,
648 2114 744 2152 tum
783 2126 808 2153 a
840 2110 1020 2153 Boeotis
1059 2110 1285 2166 aliquanto
1328 2112 1430 2164 post
1468 2108 1814 2150 Laodamantem

121 2182 314 2224 Eteoclis
367 2181 506 2223 filium
559 2182 810 2224 Thebarum
867 2195 1018 2236 regem
1070 2180 1242 2236 pulsam
1291 2179 1489 2222 Athenas
1542 2177 1817 2220 concessisse

123 2252 411 2308 praedicaret.
466 2252 756 2308 Opinationes
789 2252 887 2294 illae
921 2251 1287 2307 Gephyraeorum
1321 2252 1460 2301 erant,
1495 2249 1597 2291 inde
1628 2248 1816 2291 fortasse

124 2323 364 2375 derivatae,
414 2324 532 2379 quod
580 2324 812 2378 Tanagrae
860 2336 1023 2364 nomen
1070 2321 1316 2376 mythicum
1355 2322 1542 2376 Γέφυρα
1590 2322 1720 2370 esset,
1768 2321 1816 2360 ut

123 2394 376 2436 Hecataeus
410 2394 545 2449 (apud
579 2394 855 2449 Stephanum
890 2408 921 2434 s.
948 2395 1007 2446 v.)
1040 2390 1294 2434 testimonio
1329 2393 1408 2433 est.
1443 2390 1671 2442 Quantum
1702 2389 1815 2431 illius

122 2464 268 2519 gentis
308 2464 575 2506 coniecturis
616 2463 874 2515 tribuamus
916 2476 1053 2519 penes
1090 2476 1173 2504 nos
1207 2464 1292 2513 est;
1336 2461 1503 2503 cultum
1545 2474 1651 2504 vero
1692 2463 1815 2502 tana-

122 2548 305 2589 graeum
330 2534 503 2577 Cereris
527 2534 819 2590 Gephyraeae
847 2534 1100 2589 Stephanus
1135 2534 1254 2575 certe
1287 2546 1376 2574 non
1409 2534 1616 2584 testatur3
1651 2530 1687 2572 si
1719 2530 1817 2586 quis

124 2604 240 2647 enim
261 2619 425 2648 nomen
449 2606 519 2648 dei
542 2604 724 2647 alicuius
757 2620 782 2647 a
816 2607 935 2647 certo
962 2604 1058 2646 loco
1091 2602 1266 2658 repetit,
1300 2602 1395 2658 ipse
1429 2601 1668 2644 confitetur
1699 2601 1816 2643 illam

122 2674 381 2730 religionem
429 2675 515 2718 iam
557 2676 685 2718 sedes
726 2677 933 2717 mutasse.
998 2673 1184 2716 Accedit
1223 2673 1341 2729 quod
1378 2672 1603 2727 religionis
1643 2670 1816 2714 Cereris

123 2747 384 2802 Γεφυραίας
417 2746 578 2789 atticae
610 2745 911 2788 testimonium
948 2744 1080 2787 etiam
1111 2758 1232 2785 nunc
1265 2746 1481 2799 superest,
1515 2742 1559 2783 in
1588 2741 1815 2796 Etymolo-

124 2815 222 2871 gico
248 2817 413 2871 Magno
441 2832 473 2859 s.
500 2832 538 2860 v.
562 2818 796 2873 Γεφυρεῖς·
833 2817 970 2871 δῆμος
1002 2814 1213 2867 Ἀττικός,
1248 2816 1360 2856 ὅθεν
1382 2815 1455 2856 καὶ
1477 2813 1714 2869 Γεφυραία
1737 2812 1816 2868 Δη-

243 2981 268 3025 l)
305 2981 358 3015 De
397 2981 453 3016 his
487 2981 626 3015 lusibus
662 2981 722 3015 cfr.
751 2980 899 3014 Dielesii
936 2980 1147 3023 disputatio,
1186 2977 1419 3012 Miscellanea
1454 2976 1598 3013 Salinas
1633 2977 1817 3023 (Panormi

127 3039 242 3083 1907),
269 3040 378 3082 3sqq.
