<?xml version="1.0" encoding="UTF-8"?>
<!DOCTYPE html PUBLIC "-//W3C//DTD XHTML 1.0 Transitional//EN"
    "http://www.w3.org/TR/xhtml1/DTD/xhtml1-transitional.dtd">
<html xmlns="http://www.w3.org/1999/xhtml" xml:lang="en" lang="en">
 <head>
  <title>
</title>
<meta http-equiv="Content-Type" content="text/html;charset=utf-8" />
  <meta name='ocr-system' content='tesseract 3.04.00' />
  <meta name='ocr-capabilities' content='ocr_page ocr_carea ocr_par ocr_line ocrx_word'/>
</head>
<body>
  <div class='ocr_page' id='page_1' title='image "./quaestionescalli00pasquoft_0019.png"; bbox 0 0 2180 3482; ppageno 0'>
   <div class='ocr_carea' id='block_1_1' title="bbox 841 221 1826 261">
    <p class='ocr_par' dir='ltr' id='par_1_1' title="bbox 841 221 1826 261">
     <span class='ocr_line' id='line_1_1' title="bbox 841 221 1826 261; baseline 0.007 -7"><span class='ocrx_word' id='word_1_1' title='bbox 841 221 893 254; x_wconf 89' lang='lat' dir='ltr'>De</span> <span class='ocrx_word' id='word_1_2' title='bbox 920 231 975 254; x_wconf 90' lang='lat' dir='ltr'>vv.</span> <span class='ocrx_word' id='word_1_3' title='bbox 998 221 1134 254; x_wconf 81' lang='lat'>14—17</span> <span class='ocrx_word' id='word_1_4' title='bbox 1782 223 1793 261; x_wconf 81' lang='grc'>1</span> <span class='ocrx_word' id='word_1_5' title='bbox 1813 223 1826 261; x_wconf 90' lang='grc'>1</span> 
     </span>
    </p>
   </div>
   <div class='ocr_carea' id='block_1_2' title="bbox 141 325 1833 522">
    <p class='ocr_par' dir='ltr' id='par_1_2' title="bbox 141 325 1833 522">
     <span class='ocr_line' id='line_1_2' title="bbox 144 325 1831 381; baseline -0.001 -11"><span class='ocrx_word' id='word_1_6' title='bbox 144 326 196 371; x_wconf 88' lang='grc'>16</span> <span class='ocrx_word' id='word_1_7' title='bbox 228 326 450 369; x_wconf 89' lang='lat' dir='ltr'>Aoristum</span> <span class='ocrx_word' id='word_1_8' title='bbox 490 329 740 381; x_wconf 76' lang='grc' dir='ltr'><em>ἠγασάμην,</em></span> <span class='ocrx_word' id='word_1_9' title='bbox 787 325 844 366; x_wconf 88' lang='lat' dir='ltr'>ibi</span> <span class='ocrx_word' id='word_1_10' title='bbox 890 325 1082 380; x_wconf 86' lang='lat' dir='ltr'>positum</span> <span class='ocrx_word' id='word_1_11' title='bbox 1128 325 1201 366; x_wconf 88' lang='lat' dir='ltr'>ubi</span> <span class='ocrx_word' id='word_1_12' title='bbox 1247 340 1458 380; x_wconf 73' lang='lat' dir='ltr'>praesens</span> <span class='ocrx_word' id='word_1_13' title='bbox 1503 328 1831 381; x_wconf 83' lang='lat' dir='ltr'>exspectamus,</span> 
     </span>
     <span class='ocr_line' id='line_1_3' title="bbox 141 395 1833 452; baseline -0.001 -13"><span class='ocrx_word' id='word_1_14' title='bbox 141 397 349 439; x_wconf 71' lang='lat' dir='ltr'>stabilivit</span> <span class='ocrx_word' id='word_1_15' title='bbox 384 396 611 438; x_wconf 89' lang='lat' dir='ltr'>Vahlenus</span> <span class='ocrx_word' id='word_1_16' title='bbox 644 398 701 451; x_wconf 86' lang='lat' dir='ltr'>(p.</span> <span class='ocrx_word' id='word_1_17' title='bbox 728 398 825 447; x_wconf 79' lang='lat'>799,</span> <span class='ocrx_word' id='word_1_18' title='bbox 861 396 959 437; x_wconf 87' lang='lat' dir='ltr'>adn.</span> <span class='ocrx_word' id='word_1_19' title='bbox 993 399 1027 446; x_wconf 88' lang='lat' dir='ltr'>l)</span> <span class='ocrx_word' id='word_1_20' title='bbox 1061 395 1369 450; x_wconf 77' lang='lat' dir='ltr'>Aristophanis</span> <span class='ocrx_word' id='word_1_21' title='bbox 1402 397 1482 451; x_wconf 84' lang='lat' dir='ltr'>Eq.</span> <span class='ocrx_word' id='word_1_22' title='bbox 1509 412 1547 439; x_wconf 79' lang='lat' dir='ltr'>v.</span> <span class='ocrx_word' id='word_1_23' title='bbox 1574 399 1657 437; x_wconf 74' lang='lat'>696</span> <span class='ocrx_word' id='word_1_24' title='bbox 1682 398 1833 452; x_wconf 72' lang='grc' dir='ltr'>ἥσθην</span> 
     </span>
     <span class='ocr_line' id='line_1_4' title="bbox 142 467 1251 522; baseline -0.004 -12"><span class='ocrx_word' id='word_1_25' title='bbox 142 469 362 519; x_wconf 76' lang='grc' dir='ltr'><em>ἀπειλαῖς,</em></span> <span class='ocrx_word' id='word_1_26' title='bbox 396 468 583 522; x_wconf 79' lang='grc' dir='ltr'><em>ἐγέλασα</em></span> <span class='ocrx_word' id='word_1_27' title='bbox 617 467 950 519; x_wconf 82' lang='grc' dir='ltr'><em>ψολοκομπίαις</em></span> <span class='ocrx_word' id='word_1_28' title='bbox 983 468 1251 521; x_wconf 89' lang='lat' dir='ltr'>comparato.</span> 
     </span>
    </p>
   </div>
   <div class='ocr_carea' id='block_1_3' title="bbox 130 606 1836 3063">
    <p class='ocr_par' dir='ltr' id='par_1_3' title="bbox 134 606 1836 1721">
     <span class='ocr_line' id='line_1_5' title="bbox 258 606 1832 662; baseline -0.001 -12"><span class='ocrx_word' id='word_1_29' title='bbox 258 607 488 660; x_wconf 84' lang='lat' dir='ltr'>Quomodo</span> <span class='ocrx_word' id='word_1_30' title='bbox 526 606 658 649; x_wconf 90' lang='lat' dir='ltr'>tertia</span> <span class='ocrx_word' id='word_1_31' title='bbox 695 606 904 662; x_wconf 78' lang='lat' dir='ltr'>pericopa</span> <span class='ocrx_word' id='word_1_32' title='bbox 943 622 1042 648; x_wconf 87' lang='lat' dir='ltr'>cum</span> <span class='ocrx_word' id='word_1_33' title='bbox 1082 607 1280 648; x_wconf 88' lang='lat' dir='ltr'>secunda</span> <span class='ocrx_word' id='word_1_34' title='bbox 1312 607 1561 658; x_wconf 74' lang='lat' dir='ltr'>cohaereat,</span> <span class='ocrx_word' id='word_1_35' title='bbox 1595 608 1725 649; x_wconf 91' lang='lat' dir='ltr'>modo</span> <span class='ocrx_word' id='word_1_36' title='bbox 1759 608 1832 649; x_wconf 85' lang='lat' dir='ltr'>(le-</span> 
     </span>
     <span class='ocr_line' id='line_1_6' title="bbox 138 677 1832 733; baseline -0.001 -13"><span class='ocrx_word' id='word_1_37' title='bbox 138 677 399 729; x_wconf 85' lang='lat' dir='ltr'>monstravi3</span> <span class='ocrx_word' id='word_1_38' title='bbox 420 677 493 733; x_wconf 88' lang='lat' dir='ltr'>qui</span> <span class='ocrx_word' id='word_1_39' title='bbox 513 677 629 719; x_wconf 87' lang='lat' dir='ltr'>enim</span> <span class='ocrx_word' id='word_1_40' title='bbox 646 677 852 733; x_wconf 86' lang='lat' dir='ltr'>loquitur,</span> <span class='ocrx_word' id='word_1_41' title='bbox 870 692 969 719; x_wconf 88' lang='lat' dir='ltr'>cum</span> <span class='ocrx_word' id='word_1_42' title='bbox 985 691 1220 732; x_wconf 87' lang='lat' dir='ltr'>puerorum</span> <span class='ocrx_word' id='word_1_43' title='bbox 1243 678 1424 718; x_wconf 84' lang='lat' dir='ltr'>chorum</span> <span class='ocrx_word' id='word_1_44' title='bbox 1444 677 1526 718; x_wconf 88' lang='lat' dir='ltr'>iam</span> <span class='ocrx_word' id='word_1_45' title='bbox 1547 678 1601 719; x_wconf 88' lang='lat' dir='ltr'>ad</span> <span class='ocrx_word' id='word_1_46' title='bbox 1620 677 1832 719; x_wconf 85' lang='lat' dir='ltr'>citharam</span> 
     </span>
     <span class='ocr_line' id='line_1_7' title="bbox 139 747 1833 803; baseline -0.001 -12"><span class='ocrx_word' id='word_1_47' title='bbox 139 749 374 791; x_wconf 77' lang='lat' dir='ltr'>saltantem</span> <span class='ocrx_word' id='word_1_48' title='bbox 402 747 547 791; x_wconf 87' lang='lat' dir='ltr'>videat</span> <span class='ocrx_word' id='word_1_49' title='bbox 578 751 635 798; x_wconf 85' lang='lat' dir='ltr'>(v.</span> <span class='ocrx_word' id='word_1_50' title='bbox 666 748 746 802; x_wconf 84' lang='grc'>16),</span> <span class='ocrx_word' id='word_1_51' title='bbox 777 747 815 790; x_wconf 89' lang='grc'>01</span> <span class='ocrx_word' id='word_1_52' title='bbox 843 747 967 803; x_wconf 83' lang='lat' dir='ltr'>quasi</span> <span class='ocrx_word' id='word_1_53' title='bbox 994 762 1155 803; x_wconf 88' lang='lat' dir='ltr'>praeco</span> <span class='ocrx_word' id='word_1_54' title='bbox 1183 747 1407 789; x_wconf 86' lang='lat' dir='ltr'>silentium</span> <span class='ocrx_word' id='word_1_55' title='bbox 1432 747 1557 789; x_wconf 79' lang='lat' dir='ltr'>facit:</span> <span class='ocrx_word' id='word_1_56' title='bbox 1615 748 1833 800; x_wconf 85' lang='lat' dir='ltr'>„Silentes</span> 
     </span>
     <span class='ocr_line' id='line_1_8' title="bbox 138 817 1831 873; baseline -0.002 -12"><span class='ocrx_word' id='word_1_57' title='bbox 138 818 299 869; x_wconf 88' lang='lat' dir='ltr'>audite,</span> <span class='ocrx_word' id='word_1_58' title='bbox 324 819 427 860; x_wconf 91' lang='lat' dir='ltr'>dum</span> <span class='ocrx_word' id='word_1_59' title='bbox 445 818 600 873; x_wconf 79' lang='lat' dir='ltr'>Apollo</span> <span class='ocrx_word' id='word_1_60' title='bbox 626 818 816 867; x_wconf 84' lang='lat' dir='ltr'>canitur;</span> <span class='ocrx_word' id='word_1_61' title='bbox 841 818 945 859; x_wconf 94' lang='lat' dir='ltr'>dum</span> <span class='ocrx_word' id='word_1_62' title='bbox 963 817 1118 873; x_wconf 83' lang='lat' dir='ltr'>Apollo</span> <span class='ocrx_word' id='word_1_63' title='bbox 1144 818 1370 873; x_wconf 77' lang='lat' dir='ltr'>Lycoreus</span> <span class='ocrx_word' id='word_1_64' title='bbox 1394 818 1449 860; x_wconf 89' lang='lat' dir='ltr'>ab</span> <span class='ocrx_word' id='word_1_65' title='bbox 1473 818 1622 860; x_wconf 87' lang='lat' dir='ltr'>aoedis</span> <span class='ocrx_word' id='word_1_66' title='bbox 1645 817 1831 869; x_wconf 87' lang='lat' dir='ltr'>canitur,</span> 
     </span>
     <span class='ocr_line' id='line_1_9' title="bbox 137 888 1832 944; baseline -0.001 -14"><span class='ocrx_word' id='word_1_67' title='bbox 137 889 240 930; x_wconf 92' lang='lat' dir='ltr'>dum</span> <span class='ocrx_word' id='word_1_68' title='bbox 275 902 408 931; x_wconf 82' lang='lat' dir='ltr'>voces</span> <span class='ocrx_word' id='word_1_69' title='bbox 445 889 544 930; x_wconf 91' lang='lat' dir='ltr'>illae</span> <span class='ocrx_word' id='word_1_70' title='bbox 578 891 621 944; x_wconf 81' lang='grc' dir='ltr'>ἰὴ</span> <span class='ocrx_word' id='word_1_71' title='bbox 655 892 698 944; x_wconf 69' lang='grc' dir='ltr'>ἱί]</span> <span class='ocrx_word' id='word_1_72' title='bbox 731 893 899 943; x_wconf 81' lang='grc' dir='ltr'><em>παιῆον</em></span> <span class='ocrx_word' id='word_1_73' title='bbox 932 891 1107 940; x_wconf 88' lang='lat' dir='ltr'>sonant,</span> <span class='ocrx_word' id='word_1_74' title='bbox 1146 891 1267 930; x_wconf 87' lang='lat' dir='ltr'>tacet</span> <span class='ocrx_word' id='word_1_75' title='bbox 1305 903 1438 940; x_wconf 88' lang='lat' dir='ltr'>mare,</span> <span class='ocrx_word' id='word_1_76' title='bbox 1478 888 1650 931; x_wconf 89' lang='lat' dir='ltr'>desistit</span> <span class='ocrx_word' id='word_1_77' title='bbox 1682 888 1832 931; x_wconf 87' lang='lat' dir='ltr'>Thetis</span> 
     </span>
     <span class='ocr_line' id='line_1_10' title="bbox 138 958 1831 1014; baseline 0.001 -14"><span class='ocrx_word' id='word_1_78' title='bbox 138 959 192 1001; x_wconf 88' lang='lat' dir='ltr'>ab</span> <span class='ocrx_word' id='word_1_79' title='bbox 225 958 404 1001; x_wconf 83' lang='lat' dir='ltr'>Achillis</span> <span class='ocrx_word' id='word_1_80' title='bbox 436 959 558 1010; x_wconf 83' lang='lat' dir='ltr'>fletu,</span> <span class='ocrx_word' id='word_1_81' title='bbox 605 959 745 1001; x_wconf 86' lang='lat' dir='ltr'>Niobe</span> <span class='ocrx_word' id='word_1_82' title='bbox 777 958 822 1000; x_wconf 87' lang='lat' dir='ltr'>in</span> <span class='ocrx_word' id='word_1_83' title='bbox 854 973 1009 1014; x_wconf 88' lang='lat' dir='ltr'>rupem</span> <span class='ocrx_word' id='word_1_84' title='bbox 1042 973 1258 1002; x_wconf 88' lang='lat' dir='ltr'>conversa</span> <span class='ocrx_word' id='word_1_85' title='bbox 1288 959 1506 1001; x_wconf 84' lang='lat' dir='ltr'>lacrumas</span> <span class='ocrx_word' id='word_1_86' title='bbox 1538 959 1831 1002; x_wconf 78' lang='lat' dir='ltr'>intermittit,“.</span> 
     </span>
     <span class='ocr_line' id='line_1_11' title="bbox 138 1028 1831 1087; baseline -0.001 -15"><span class='ocrx_word' id='word_1_87' title='bbox 138 1053 190 1057; x_wconf 86' lang='lat'>—</span> <span class='ocrx_word' id='word_1_88' title='bbox 219 1029 268 1073; x_wconf 89' lang='grc'>17</span> <span class='ocrx_word' id='word_1_89' title='bbox 293 1029 363 1072; x_wconf 86' lang='grc' dir='ltr'>ἐπ’</span> <span class='ocrx_word' id='word_1_90' title='bbox 386 1031 678 1082; x_wconf 74' lang='grc' dir='ltr'><em>’Λπόλλωνος</em></span> <span class='ocrx_word' id='word_1_91' title='bbox 712 1028 840 1087; x_wconf 76' lang='grc' dir='ltr'><em>ἀοιδῇ</em></span> <span class='ocrx_word' id='word_1_92' title='bbox 874 1030 929 1071; x_wconf 89' lang='lat' dir='ltr'>ad</span> <span class='ocrx_word' id='word_1_93' title='bbox 951 1034 1191 1086; x_wconf 76' lang='grc' dir='ltr'><em>εὐφημεῖτε</em></span> <span class='ocrx_word' id='word_1_94' title='bbox 1214 1030 1479 1072; x_wconf 89' lang='lat' dir='ltr'>trahendum</span> <span class='ocrx_word' id='word_1_95' title='bbox 1507 1033 1586 1081; x_wconf 88' lang='lat' dir='ltr'>est,</span> <span class='ocrx_word' id='word_1_96' title='bbox 1615 1044 1704 1071; x_wconf 89' lang='lat' dir='ltr'>non</span> <span class='ocrx_word' id='word_1_97' title='bbox 1732 1044 1831 1071; x_wconf 90' lang='lat' dir='ltr'>cum</span> 
     </span>
     <span class='ocr_line' id='line_1_12' title="bbox 137 1099 1831 1156; baseline -0.001 -14"><span class='ocrx_word' id='word_1_98' title='bbox 137 1102 309 1152; x_wconf 78' lang='grc' dir='ltr'><em>ἀίοντες</em></span> <span class='ocrx_word' id='word_1_99' title='bbox 327 1099 702 1154; x_wconf 83' lang='lat' dir='ltr'>coniungendum,</span> <span class='ocrx_word' id='word_1_100' title='bbox 722 1114 837 1155; x_wconf 89' lang='lat' dir='ltr'>quae</span> <span class='ocrx_word' id='word_1_101' title='bbox 860 1102 927 1142; x_wconf 89' lang='lat' dir='ltr'>est</span> <span class='ocrx_word' id='word_1_102' title='bbox 949 1100 1148 1142; x_wconf 90' lang='lat' dir='ltr'>inaudita</span> <span class='ocrx_word' id='word_1_103' title='bbox 1171 1102 1405 1142; x_wconf 88' lang='lat' dir='ltr'>structura.</span> <span class='ocrx_word' id='word_1_104' title='bbox 1450 1100 1660 1156; x_wconf 84' lang='lat' dir='ltr'>Sequitur</span> <span class='ocrx_word' id='word_1_105' title='bbox 1678 1100 1831 1142; x_wconf 87' lang='lat' dir='ltr'>eadem</span> 
     </span>
     <span class='ocr_line' id='line_1_13' title="bbox 136 1169 1832 1226; baseline 0.001 -16"><span class='ocrx_word' id='word_1_106' title='bbox 136 1169 293 1225; x_wconf 84' lang='lat' dir='ltr'>figura,</span> <span class='ocrx_word' id='word_1_107' title='bbox 319 1184 451 1226; x_wconf 85' lang='lat' dir='ltr'>quam</span> <span class='ocrx_word' id='word_1_108' title='bbox 473 1170 671 1225; x_wconf 87' lang='lat' dir='ltr'>pluribus</span> <span class='ocrx_word' id='word_1_109' title='bbox 695 1171 750 1212; x_wconf 90' lang='lat' dir='ltr'>ad</span> <span class='ocrx_word' id='word_1_110' title='bbox 771 1171 812 1212; x_wconf 91' lang='lat' dir='ltr'>h.</span> <span class='ocrx_word' id='word_1_111' title='bbox 836 1171 893 1211; x_wconf 91' lang='lat' dir='ltr'>[II</span> <span class='ocrx_word' id='word_1_112' title='bbox 916 1186 956 1213; x_wconf 92' lang='lat' dir='ltr'>v.</span> <span class='ocrx_word' id='word_1_113' title='bbox 983 1172 1033 1212; x_wconf 63' lang='lat'>12</span> <span class='ocrx_word' id='word_1_114' title='bbox 1058 1185 1141 1226; x_wconf 88' lang='lat' dir='ltr'>sqq</span> <span class='ocrx_word' id='word_1_115' title='bbox 1163 1171 1441 1226; x_wconf 84' lang='lat' dir='ltr'>prosecuturi</span> <span class='ocrx_word' id='word_1_116' title='bbox 1465 1186 1628 1213; x_wconf 90' lang='lat' dir='ltr'>sumus.</span> <span class='ocrx_word' id='word_1_117' title='bbox 1671 1171 1832 1213; x_wconf 88' lang='lat' dir='ltr'>Dicere</span> 
     </span>
     <span class='ocr_line' id='line_1_14' title="bbox 137 1240 1832 1297; baseline 0 -15"><span class='ocrx_word' id='word_1_118' title='bbox 137 1240 302 1292; x_wconf 88' lang='lat' dir='ltr'>debuit,</span> <span class='ocrx_word' id='word_1_119' title='bbox 349 1255 449 1282; x_wconf 91' lang='lat' dir='ltr'>cum</span> <span class='ocrx_word' id='word_1_120' title='bbox 480 1240 637 1296; x_wconf 84' lang='lat' dir='ltr'>Apollo</span> <span class='ocrx_word' id='word_1_121' title='bbox 671 1241 726 1282; x_wconf 90' lang='lat' dir='ltr'>ab</span> <span class='ocrx_word' id='word_1_122' title='bbox 759 1240 908 1283; x_wconf 87' lang='lat' dir='ltr'>aoedis</span> <span class='ocrx_word' id='word_1_123' title='bbox 940 1241 1222 1297; x_wconf 85' lang='lat' dir='ltr'>praedicetur</span> <span class='ocrx_word' id='word_1_124' title='bbox 1255 1255 1445 1297; x_wconf 90' lang='lat' dir='ltr'>cumque</span> <span class='ocrx_word' id='word_1_125' title='bbox 1483 1241 1588 1283; x_wconf 91' lang='lat' dir='ltr'>illud</span> <span class='ocrx_word' id='word_1_126' title='bbox 1628 1241 1748 1283; x_wconf 87' lang='lat' dir='ltr'>chori</span> <span class='ocrx_word' id='word_1_127' title='bbox 1789 1244 1832 1297; x_wconf 74' lang='grc' dir='ltr'>ἱί]</span> 
     </span>
     <span class='ocr_line' id='line_1_15' title="bbox 136 1310 1830 1367; baseline 0 -14"><span class='ocrx_word' id='word_1_128' title='bbox 136 1317 304 1367; x_wconf 82' lang='grc' dir='ltr'><em>παιῆον</em></span> <span class='ocrx_word' id='word_1_129' title='bbox 332 1310 549 1363; x_wconf 87' lang='lat' dir='ltr'>audiatur,</span> <span class='ocrx_word' id='word_1_130' title='bbox 584 1314 628 1354; x_wconf 90' lang='lat' dir='ltr'>et</span> <span class='ocrx_word' id='word_1_131' title='bbox 649 1325 771 1354; x_wconf 89' lang='lat' dir='ltr'>mare</span> <span class='ocrx_word' id='word_1_132' title='bbox 799 1314 843 1354; x_wconf 92' lang='lat' dir='ltr'>et</span> <span class='ocrx_word' id='word_1_133' title='bbox 869 1312 1030 1354; x_wconf 83' lang='lat' dir='ltr'>Thetin</span> <span class='ocrx_word' id='word_1_134' title='bbox 1057 1311 1204 1365; x_wconf 85' lang='lat' dir='ltr'>silere;</span> <span class='ocrx_word' id='word_1_135' title='bbox 1238 1313 1349 1354; x_wconf 91' lang='lat' dir='ltr'>haec</span> <span class='ocrx_word' id='word_1_136' title='bbox 1376 1326 1482 1355; x_wconf 91' lang='lat' dir='ltr'>vero</span> <span class='ocrx_word' id='word_1_137' title='bbox 1509 1312 1570 1354; x_wconf 90' lang='lat' dir='ltr'>ita</span> <span class='ocrx_word' id='word_1_138' title='bbox 1597 1311 1830 1363; x_wconf 84' lang='lat' dir='ltr'>distribuit,</span> 
     </span>
     <span class='ocr_line' id='line_1_16' title="bbox 135 1380 1830 1438; baseline 0.001 -15"><span class='ocrx_word' id='word_1_139' title='bbox 135 1383 184 1423; x_wconf 92' lang='lat' dir='ltr'>ut</span> <span class='ocrx_word' id='word_1_140' title='bbox 210 1380 388 1432; x_wconf 90' lang='lat' dir='ltr'>diceret,</span> <span class='ocrx_word' id='word_1_141' title='bbox 414 1395 514 1423; x_wconf 91' lang='lat' dir='ltr'>cum</span> <span class='ocrx_word' id='word_1_142' title='bbox 537 1381 663 1424; x_wconf 90' lang='lat' dir='ltr'>aoedi</span> <span class='ocrx_word' id='word_1_143' title='bbox 685 1381 899 1438; x_wconf 86' lang='lat' dir='ltr'>Apollinis</span> <span class='ocrx_word' id='word_1_144' title='bbox 922 1382 1109 1437; x_wconf 80' lang='lat' dir='ltr'>Lycorei</span> <span class='ocrx_word' id='word_1_145' title='bbox 1132 1397 1253 1424; x_wconf 90' lang='lat' dir='ltr'>arma</span> <span class='ocrx_word' id='word_1_146' title='bbox 1276 1386 1502 1434; x_wconf 91' lang='lat' dir='ltr'>canerent,</span> <span class='ocrx_word' id='word_1_147' title='bbox 1525 1397 1646 1425; x_wconf 89' lang='lat' dir='ltr'>mare</span> <span class='ocrx_word' id='word_1_148' title='bbox 1668 1385 1830 1434; x_wconf 84' lang='lat' dir='ltr'>tacere,</span> 
     </span>
     <span class='ocr_line' id='line_1_17' title="bbox 135 1451 1832 1508; baseline 0.001 -16"><span class='ocrx_word' id='word_1_149' title='bbox 135 1454 284 1494; x_wconf 88' lang='lat' dir='ltr'>tacere</span> <span class='ocrx_word' id='word_1_150' title='bbox 316 1454 465 1494; x_wconf 87' lang='lat' dir='ltr'>autem</span> <span class='ocrx_word' id='word_1_151' title='bbox 488 1451 662 1503; x_wconf 88' lang='lat' dir='ltr'>Thetin,</span> <span class='ocrx_word' id='word_1_152' title='bbox 692 1466 792 1494; x_wconf 92' lang='lat' dir='ltr'>cum</span> <span class='ocrx_word' id='word_1_153' title='bbox 820 1455 863 1508; x_wconf 77' lang='grc' dir='ltr'>ἰὴ</span> <span class='ocrx_word' id='word_1_154' title='bbox 891 1458 1058 1508; x_wconf 78' lang='grc' dir='ltr'><em>παιῆον</em></span> <span class='ocrx_word' id='word_1_155' title='bbox 1092 1453 1275 1495; x_wconf 87' lang='lat' dir='ltr'>audiret.</span> <span class='ocrx_word' id='word_1_156' title='bbox 1341 1454 1429 1496; x_wconf 88' lang='lat' dir='ltr'>Sed</span> <span class='ocrx_word' id='word_1_157' title='bbox 1461 1453 1533 1495; x_wconf 90' lang='lat' dir='ltr'>illa</span> <span class='ocrx_word' id='word_1_158' title='bbox 1570 1452 1717 1508; x_wconf 86' lang='lat' dir='ltr'>figura</span> <span class='ocrx_word' id='word_1_159' title='bbox 1748 1453 1832 1494; x_wconf 90' lang='lat' dir='ltr'>hoc</span> 
     </span>
     <span class='ocr_line' id='line_1_18' title="bbox 134 1522 1830 1578; baseline 0.001 -15"><span class='ocrx_word' id='word_1_160' title='bbox 134 1522 230 1564; x_wconf 87' lang='grc'>1000</span> <span class='ocrx_word' id='word_1_161' title='bbox 258 1536 311 1565; x_wconf 88' lang='lat' dir='ltr'>ea</span> <span class='ocrx_word' id='word_1_162' title='bbox 336 1523 391 1564; x_wconf 91' lang='lat' dir='ltr'>de</span> <span class='ocrx_word' id='word_1_163' title='bbox 420 1536 554 1564; x_wconf 87' lang='lat' dir='ltr'>causa</span> <span class='ocrx_word' id='word_1_164' title='bbox 576 1522 807 1574; x_wconf 87' lang='lat' dir='ltr'>emollitur,</span> <span class='ocrx_word' id='word_1_165' title='bbox 845 1523 963 1578; x_wconf 90' lang='lat' dir='ltr'>quod</span> <span class='ocrx_word' id='word_1_166' title='bbox 990 1523 1142 1566; x_wconf 88' lang='lat' dir='ltr'>Thetis</span> <span class='ocrx_word' id='word_1_167' title='bbox 1169 1538 1194 1565; x_wconf 90' lang='lat' dir='ltr'>a</span> <span class='ocrx_word' id='word_1_168' title='bbox 1219 1524 1327 1565; x_wconf 88' lang='lat' dir='ltr'>mari</span> <span class='ocrx_word' id='word_1_169' title='bbox 1356 1523 1430 1566; x_wconf 85' lang='lat' dir='ltr'>vix</span> <span class='ocrx_word' id='word_1_170' title='bbox 1461 1523 1830 1578; x_wconf 83' lang='lat' dir='ltr'>distinguebatur,</span> 
     </span>
     <span class='ocr_line' id='line_1_19' title="bbox 135 1592 1836 1650; baseline 0.001 -16"><span class='ocrx_word' id='word_1_171' title='bbox 135 1606 237 1634; x_wconf 91' lang='lat' dir='ltr'>cum</span> <span class='ocrx_word' id='word_1_172' title='bbox 269 1592 382 1634; x_wconf 87' lang='lat' dir='ltr'>illius</span> <span class='ocrx_word' id='word_1_173' title='bbox 424 1606 589 1635; x_wconf 87' lang='lat' dir='ltr'>nomen</span> <span class='ocrx_word' id='word_1_174' title='bbox 620 1593 691 1635; x_wconf 90' lang='lat' dir='ltr'>illa</span> <span class='ocrx_word' id='word_1_175' title='bbox 724 1596 870 1636; x_wconf 91' lang='lat' dir='ltr'>aetate</span> <span class='ocrx_word' id='word_1_176' title='bbox 910 1608 1229 1650; x_wconf 87' lang='lat' dir='ltr'>saepenumero</span> <span class='ocrx_word' id='word_1_177' title='bbox 1275 1595 1360 1637; x_wconf 91' lang='lat' dir='ltr'>hoc</span> <span class='ocrx_word' id='word_1_178' title='bbox 1402 1609 1536 1637; x_wconf 90' lang='lat' dir='ltr'>sensu</span> <span class='ocrx_word' id='word_1_179' title='bbox 1576 1596 1836 1650; x_wconf 84' lang='lat' dir='ltr'>poneretur.-</span> 
     </span>
     <span class='ocr_line' id='line_1_20' title="bbox 136 1663 1831 1721; baseline 0.001 -15"><span class='ocrx_word' id='word_1_180' title='bbox 136 1664 197 1706; x_wconf 91' lang='lat' dir='ltr'>Ut</span> <span class='ocrx_word' id='word_1_181' title='bbox 220 1663 487 1718; x_wconf 76' lang='lat' dir='ltr'>Lycophron</span> <span class='ocrx_word' id='word_1_182' title='bbox 512 1665 570 1716; x_wconf 89' lang='lat' dir='ltr'>(v.</span> <span class='ocrx_word' id='word_1_183' title='bbox 596 1666 667 1718; x_wconf 80' lang='lat'>22)</span> <span class='ocrx_word' id='word_1_184' title='bbox 693 1664 866 1719; x_wconf 85' lang='lat' dir='ltr'>scripsit</span> <span class='ocrx_word' id='word_1_185' title='bbox 889 1678 1029 1707; x_wconf 87' lang='lat' dir='ltr'>naves</span> <span class='ocrx_word' id='word_1_186' title='bbox 1050 1666 1424 1721; x_wconf 80' lang='grc' dir='ltr'><em>παρθενοκτόνον</em></span> <span class='ocrx_word' id='word_1_187' title='bbox 1453 1667 1650 1708; x_wconf 76' lang='grc' dir='ltr'><em>Θέτιν...</em></span> <span class='ocrx_word' id='word_1_188' title='bbox 1671 1666 1831 1707; x_wconf 77' lang='grc' dir='ltr'><em>θεῖνον</em></span> 
     </span>
    </p>

    <p class='ocr_par' dir='ltr' id='par_1_4' title="bbox 130 1733 1831 2991">
     <span class='ocr_line' id='line_1_21' title="bbox 207 1733 1829 1792; baseline 0.001 -16"><span class='ocrx_word' id='word_1_189' title='bbox 207 1767 216 1776; x_wconf 92' lang='grc'><strong>.</strong></span> <span class='ocrx_word' id='word_1_190' title='bbox 241 1767 250 1776; x_wconf 90' lang='grc'><strong>.</strong></span> <span class='ocrx_word' id='word_1_191' title='bbox 285 1735 498 1787; x_wconf 77' lang='grc' dir='ltr'><em>σπάθαις,</em></span> <span class='ocrx_word' id='word_1_192' title='bbox 537 1733 581 1776; x_wconf 90' lang='lat' dir='ltr'>id</span> <span class='ocrx_word' id='word_1_193' title='bbox 615 1738 682 1777; x_wconf 89' lang='lat' dir='ltr'>est</span> <span class='ocrx_word' id='word_1_194' title='bbox 714 1735 1067 1791; x_wconf 88' lang='lat' dir='ltr'>Hellespontum,</span> <span class='ocrx_word' id='word_1_195' title='bbox 1111 1735 1184 1791; x_wconf 90' lang='lat' dir='ltr'>qui</span> <span class='ocrx_word' id='word_1_196' title='bbox 1223 1736 1415 1792; x_wconf 87' lang='lat' dir='ltr'>puellam</span> <span class='ocrx_word' id='word_1_197' title='bbox 1447 1736 1607 1778; x_wconf 87' lang='lat' dir='ltr'>Hellen</span> <span class='ocrx_word' id='word_1_198' title='bbox 1638 1735 1829 1787; x_wconf 85' lang='lat' dir='ltr'>necavit,</span> 
     </span>
     <span class='ocr_line' id='line_1_22' title="bbox 138 1803 1828 1861; baseline 0.002 -16"><span class='ocrx_word' id='word_1_199' title='bbox 138 1803 270 1845; x_wconf 90' lang='lat' dir='ltr'>remis</span> <span class='ocrx_word' id='word_1_200' title='bbox 304 1804 656 1860; x_wconf 77' lang='lat' dir='ltr'>percutiebant“.</span> <span class='ocrx_word' id='word_1_201' title='bbox 717 1805 832 1857; x_wconf 89' lang='lat' dir='ltr'>Quid</span> <span class='ocrx_word' id='word_1_202' title='bbox 865 1805 1025 1848; x_wconf 86' lang='lat' dir='ltr'>attinet</span> <span class='ocrx_word' id='word_1_203' title='bbox 1064 1806 1170 1848; x_wconf 93' lang='lat' dir='ltr'>illud</span> <span class='ocrx_word' id='word_1_204' title='bbox 1202 1806 1505 1861; x_wconf 81' lang='lat' dir='ltr'>Vergilianum</span> <span class='ocrx_word' id='word_1_205' title='bbox 1538 1805 1700 1848; x_wconf 83' lang='lat' dir='ltr'>afferre</span> <span class='ocrx_word' id='word_1_206' title='bbox 1733 1806 1828 1859; x_wconf 86' lang='grc'>(001.</span> 
     </span>
     <span class='ocr_line' id='line_1_23' title="bbox 133 1874 1830 1932; baseline 0.001 -16"><span class='ocrx_word' id='word_1_207' title='bbox 133 1874 194 1916; x_wconf 92' lang='lat' dir='ltr'>IV</span> <span class='ocrx_word' id='word_1_208' title='bbox 205 1877 277 1929; x_wconf 78' lang='lat'>32)</span> <span class='ocrx_word' id='word_1_209' title='bbox 295 1877 556 1931; x_wconf 85' lang='lat' dir='ltr'>temptare</span> <span class='ocrx_word' id='word_1_210' title='bbox 574 1875 780 1918; x_wconf 87' lang='lat' dir='ltr'>Thetim</span> <span class='ocrx_word' id='word_1_211' title='bbox 801 1876 1033 1918; x_wconf 75' lang='lat' dir='ltr'>ratibus?</span> <span class='ocrx_word' id='word_1_212' title='bbox 1066 1877 1259 1932; x_wconf 86' lang='lat' dir='ltr'>Egregio</span> <span class='ocrx_word' id='word_1_213' title='bbox 1278 1879 1426 1920; x_wconf 90' lang='lat' dir='ltr'>autem</span> <span class='ocrx_word' id='word_1_214' title='bbox 1444 1877 1604 1919; x_wconf 90' lang='lat' dir='ltr'>iudicio</span> <span class='ocrx_word' id='word_1_215' title='bbox 1620 1876 1830 1918; x_wconf 83' lang='lat' dir='ltr'>Horatius</span> 
     </span>
     <span class='ocr_line' id='line_1_24' title="bbox 134 1944 1829 2001; baseline 0.001 -15"><span class='ocrx_word' id='word_1_216' title='bbox 134 1944 206 1986; x_wconf 91' lang='lat' dir='ltr'>illa</span> <span class='ocrx_word' id='word_1_217' title='bbox 241 1944 387 2000; x_wconf 84' lang='lat' dir='ltr'>figura</span> <span class='ocrx_word' id='word_1_218' title='bbox 427 1960 532 1987; x_wconf 92' lang='lat' dir='ltr'>usus</span> <span class='ocrx_word' id='word_1_219' title='bbox 571 1948 651 1997; x_wconf 92' lang='lat' dir='ltr'>est,</span> <span class='ocrx_word' id='word_1_220' title='bbox 692 1960 791 1988; x_wconf 88' lang='lat' dir='ltr'>cum</span> <span class='ocrx_word' id='word_1_221' title='bbox 832 1946 1084 2001; x_wconf 83' lang='lat' dir='ltr'>significare</span> <span class='ocrx_word' id='word_1_222' title='bbox 1123 1948 1255 1990; x_wconf 91' lang='lat' dir='ltr'>vellet</span> <span class='ocrx_word' id='word_1_223' title='bbox 1293 1962 1414 1990; x_wconf 90' lang='lat' dir='ltr'>mare</span> <span class='ocrx_word' id='word_1_224' title='bbox 1453 1947 1650 1990; x_wconf 87' lang='lat' dir='ltr'>Thetidis</span> <span class='ocrx_word' id='word_1_225' title='bbox 1691 1947 1829 1989; x_wconf 84' lang='lat' dir='ltr'>filium</span> 
     </span>
     <span class='ocr_line' id='line_1_25' title="bbox 132 2015 1830 2061; baseline 0.001 -5"><span class='ocrx_word' id='word_1_226' title='bbox 132 2015 346 2058; x_wconf 89' lang='lat' dir='ltr'>Achillem</span> <span class='ocrx_word' id='word_1_227' title='bbox 363 2016 542 2058; x_wconf 91' lang='lat' dir='ltr'>domum</span> <span class='ocrx_word' id='word_1_228' title='bbox 557 2017 612 2058; x_wconf 92' lang='lat' dir='ltr'>ad</span> <span class='ocrx_word' id='word_1_229' title='bbox 627 2017 899 2059; x_wconf 85' lang='lat' dir='ltr'>Thessaliam</span> <span class='ocrx_word' id='word_1_230' title='bbox 913 2032 1004 2060; x_wconf 90' lang='lat' dir='ltr'>non</span> <span class='ocrx_word' id='word_1_231' title='bbox 1018 2021 1319 2061; x_wconf 88' lang='lat' dir='ltr'>revecturum:</span> <span class='ocrx_word' id='word_1_232' title='bbox 1338 2018 1445 2060; x_wconf 83' lang='lat' dir='ltr'>fecit</span> <span class='ocrx_word' id='word_1_233' title='bbox 1461 2018 1577 2061; x_wconf 91' lang='lat' dir='ltr'>enim</span> <span class='ocrx_word' id='word_1_234' title='bbox 1593 2017 1830 2061; x_wconf 83' lang='lat' dir='ltr'>Chironem</span> 
     </span>
     <span class='ocr_line' id='line_1_26' title="bbox 134 2085 1831 2144; baseline 0.002 -16"><span class='ocrx_word' id='word_1_235' title='bbox 134 2085 407 2128; x_wconf 90' lang='lat' dir='ltr'>Centaurum</span> <span class='ocrx_word' id='word_1_236' title='bbox 439 2101 579 2142; x_wconf 89' lang='lat' dir='ltr'>parvo</span> <span class='ocrx_word' id='word_1_237' title='bbox 620 2087 796 2129; x_wconf 88' lang='lat' dir='ltr'>alumno</span> <span class='ocrx_word' id='word_1_238' title='bbox 830 2087 1103 2143; x_wconf 79' lang='lat' dir='ltr'>praedixisse</span> <span class='ocrx_word' id='word_1_239' title='bbox 1142 2089 1287 2144; x_wconf 91' lang='lat' dir='ltr'>(epod.</span> <span class='ocrx_word' id='word_1_240' title='bbox 1311 2089 1420 2130; x_wconf 88' lang='lat' dir='ltr'>XIII</span> <span class='ocrx_word' id='word_1_241' title='bbox 1453 2105 1492 2132; x_wconf 91' lang='lat' dir='ltr'>v.</span> <span class='ocrx_word' id='word_1_242' title='bbox 1523 2091 1590 2143; x_wconf 79' lang='lat'>12)</span> <span class='ocrx_word' id='word_1_243' title='bbox 1630 2088 1831 2132; x_wconf 89' lang='lat' dir='ltr'>invicte</span> 
     </span>
     <span class='ocr_line' id='line_1_27' title="bbox 133 2156 1830 2214; baseline 0.001 -16"><span class='ocrx_word' id='word_1_244' title='bbox 133 2156 371 2199; x_wconf 87' lang='lat' dir='ltr'>mortalis</span> <span class='ocrx_word' id='word_1_245' title='bbox 404 2157 499 2200; x_wconf 87' lang='lat' dir='ltr'>dea</span> <span class='ocrx_word' id='word_1_246' title='bbox 529 2160 654 2200; x_wconf 90' lang='lat' dir='ltr'>nate</span> <span class='ocrx_word' id='word_1_247' title='bbox 686 2172 815 2214; x_wconf 91' lang='lat' dir='ltr'>puer</span> <span class='ocrx_word' id='word_1_248' title='bbox 847 2158 1088 2211; x_wconf 89' lang='lat' dir='ltr'>Thetide,</span> <span class='ocrx_word' id='word_1_249' title='bbox 1122 2161 1171 2201; x_wconf 91' lang='lat' dir='ltr'>tu</span> <span class='ocrx_word' id='word_1_250' title='bbox 1202 2174 1295 2202; x_wconf 89' lang='lat' dir='ltr'>non</span> <span class='ocrx_word' id='word_1_251' title='bbox 1326 2159 1502 2212; x_wconf 90' lang='lat' dir='ltr'>redibis,</span> <span class='ocrx_word' id='word_1_252' title='bbox 1542 2174 1638 2202; x_wconf 90' lang='lat' dir='ltr'>nec</span> <span class='ocrx_word' id='word_1_253' title='bbox 1671 2160 1730 2214; x_wconf 91' lang='lat' dir='ltr'>(v.</span> <span class='ocrx_word' id='word_1_254' title='bbox 1761 2161 1830 2214; x_wconf 84' lang='grc'>16)</span> 
     </span>
     <span class='ocr_line' id='line_1_28' title="bbox 132 2228 1831 2282; baseline 0.002 -14"><span class='ocrx_word' id='word_1_255' title='bbox 132 2229 299 2270; x_wconf 90' lang='lat' dir='ltr'>mater</span> <span class='ocrx_word' id='word_1_256' title='bbox 346 2228 548 2270; x_wconf 89' lang='lat' dir='ltr'>domum</span> <span class='ocrx_word' id='word_1_257' title='bbox 596 2229 808 2271; x_wconf 88' lang='lat' dir='ltr'>caerula</span> <span class='ocrx_word' id='word_1_258' title='bbox 850 2232 900 2272; x_wconf 88' lang='lat' dir='ltr'>te</span> <span class='ocrx_word' id='word_1_259' title='bbox 944 2231 1186 2282; x_wconf 91' lang='lat' dir='ltr'>revehet,</span> <span class='ocrx_word' id='word_1_260' title='bbox 1235 2230 1311 2272; x_wconf 88' lang='lat' dir='ltr'>ubi</span> <span class='ocrx_word' id='word_1_261' title='bbox 1356 2231 1462 2273; x_wconf 89' lang='lat' dir='ltr'>illud</span> <span class='ocrx_word' id='word_1_262' title='bbox 1508 2232 1729 2274; x_wconf 88' lang='lat' dir='ltr'>revehet</span> <span class='ocrx_word' id='word_1_263' title='bbox 1776 2231 1831 2272; x_wconf 90' lang='lat' dir='ltr'>ad</span> 
     </span>
     <span class='ocr_line' id='line_1_29' title="bbox 134 2298 1831 2358; baseline 0.002 -19"><span class='ocrx_word' id='word_1_264' title='bbox 134 2298 262 2340; x_wconf 87' lang='lat' dir='ltr'>deam</span> <span class='ocrx_word' id='word_1_265' title='bbox 294 2298 511 2341; x_wconf 87' lang='lat' dir='ltr'>marinam</span> <span class='ocrx_word' id='word_1_266' title='bbox 542 2298 683 2341; x_wconf 81' lang='lat' dir='ltr'>filium</span> <span class='ocrx_word' id='word_1_267' title='bbox 717 2300 842 2356; x_wconf 87' lang='lat' dir='ltr'>quasi</span> <span class='ocrx_word' id='word_1_268' title='bbox 869 2300 1073 2343; x_wconf 88' lang='lat' dir='ltr'>manibus</span> <span class='ocrx_word' id='word_1_269' title='bbox 1102 2301 1396 2344; x_wconf 89' lang='lat' dir='ltr'>sustinentem</span> <span class='ocrx_word' id='word_1_270' title='bbox 1423 2302 1587 2358; x_wconf 88' lang='lat' dir='ltr'>pariter</span> <span class='ocrx_word' id='word_1_271' title='bbox 1613 2304 1748 2358; x_wconf 88' lang='lat' dir='ltr'>atque</span> <span class='ocrx_word' id='word_1_272' title='bbox 1776 2302 1831 2343; x_wconf 91' lang='lat' dir='ltr'>ad</span> 
     </span>
     <span class='ocr_line' id='line_1_30' title="bbox 131 2366 1830 2428; baseline 0.004 -20"><span class='ocrx_word' id='word_1_273' title='bbox 131 2366 276 2423; x_wconf 89' lang='lat' dir='ltr'>ipsum</span> <span class='ocrx_word' id='word_1_274' title='bbox 308 2382 429 2411; x_wconf 88' lang='lat' dir='ltr'>mare</span> <span class='ocrx_word' id='word_1_275' title='bbox 450 2369 644 2424; x_wconf 89' lang='lat' dir='ltr'>pertinet</span> <span class='ocrx_word' id='word_1_276' title='bbox 659 2370 699 2424; x_wconf 84' lang='lat'>¹).</span> <span class='ocrx_word' id='word_1_277' title='bbox 746 2369 955 2413; x_wconf 84' lang='lat' dir='ltr'>Similiter</span> <span class='ocrx_word' id='word_1_278' title='bbox 980 2371 1219 2414; x_wconf 84' lang='lat' dir='ltr'>fluviorum</span> <span class='ocrx_word' id='word_1_279' title='bbox 1242 2373 1348 2414; x_wconf 92' lang='lat' dir='ltr'>deos</span> <span class='ocrx_word' id='word_1_280' title='bbox 1371 2375 1506 2428; x_wconf 87' lang='lat' dir='ltr'>atque</span> <span class='ocrx_word' id='word_1_281' title='bbox 1528 2372 1646 2428; x_wconf 90' lang='lat' dir='ltr'>ipsos</span> <span class='ocrx_word' id='word_1_282' title='bbox 1668 2372 1830 2415; x_wconf 82' lang='lat' dir='ltr'>fluvios</span> 
     </span>
     <span class='ocr_line' id='line_1_31' title="bbox 132 2437 1829 2499; baseline 0.003 -21"><span class='ocrx_word' id='word_1_283' title='bbox 132 2438 172 2479; x_wconf 93' lang='lat' dir='ltr'>h.</span> <span class='ocrx_word' id='word_1_284' title='bbox 197 2437 242 2480; x_wconf 90' lang='lat' dir='ltr'>in</span> <span class='ocrx_word' id='word_1_285' title='bbox 264 2438 362 2481; x_wconf 93' lang='lat' dir='ltr'>Del.</span> <span class='ocrx_word' id='word_1_286' title='bbox 382 2454 422 2482; x_wconf 90' lang='lat' dir='ltr'>v.</span> <span class='ocrx_word' id='word_1_287' title='bbox 444 2442 498 2480; x_wconf 85' lang='lat'>75</span> <span class='ocrx_word' id='word_1_288' title='bbox 531 2454 621 2482; x_wconf 89' lang='grc'>11011</span> <span class='ocrx_word' id='word_1_289' title='bbox 654 2440 867 2496; x_wconf 86' lang='lat' dir='ltr'>distingui</span> <span class='ocrx_word' id='word_1_290' title='bbox 898 2441 1014 2484; x_wconf 82' lang='lat' dir='ltr'>infra</span> <span class='ocrx_word' id='word_1_291' title='bbox 1036 2442 1326 2485; x_wconf 90' lang='lat' dir='ltr'>monebimus.</span> <span class='ocrx_word' id='word_1_292' title='bbox 1378 2443 1535 2499; x_wconf 87' lang='lat' dir='ltr'>Neque</span> <span class='ocrx_word' id='word_1_293' title='bbox 1563 2442 1667 2485; x_wconf 89' lang='lat' dir='ltr'>huic</span> <span class='ocrx_word' id='word_1_294' title='bbox 1695 2443 1829 2485; x_wconf 88' lang='lat' dir='ltr'>inter-</span> 
     </span>
     <span class='ocr_line' id='line_1_32' title="bbox 131 2508 1829 2569; baseline 0.002 -19"><span class='ocrx_word' id='word_1_295' title='bbox 131 2508 370 2564; x_wconf 88' lang='lat' dir='ltr'>pretationi</span> <span class='ocrx_word' id='word_1_296' title='bbox 402 2510 562 2562; x_wconf 82' lang='lat' dir='ltr'>obstat,</span> <span class='ocrx_word' id='word_1_297' title='bbox 597 2511 716 2567; x_wconf 90' lang='lat' dir='ltr'>quod</span> <span class='ocrx_word' id='word_1_298' title='bbox 743 2511 940 2554; x_wconf 89' lang='lat' dir='ltr'>Thetidis</span> <span class='ocrx_word' id='word_1_299' title='bbox 972 2512 1314 2555; x_wconf 89' lang='lat' dir='ltr'>lamentationes</span> <span class='ocrx_word' id='word_1_300' title='bbox 1347 2513 1433 2555; x_wconf 91' lang='lat' dir='ltr'>iam</span> <span class='ocrx_word' id='word_1_301' title='bbox 1467 2514 1521 2556; x_wconf 93' lang='lat' dir='ltr'>ab</span> <span class='ocrx_word' id='word_1_302' title='bbox 1554 2513 1829 2569; x_wconf 90' lang='lat' dir='ltr'>Aethiopidis</span> 
     </span>
     <span class='ocr_line' id='line_1_33' title="bbox 132 2579 1829 2639; baseline 0.003 -19"><span class='ocrx_word' id='word_1_303' title='bbox 132 2579 277 2634; x_wconf 70' lang='lat' dir='ltr'>poetis</span> <span class='ocrx_word' id='word_1_304' title='bbox 317 2580 567 2623; x_wconf 88' lang='lat' dir='ltr'>celebratae</span> <span class='ocrx_word' id='word_1_305' title='bbox 607 2584 745 2632; x_wconf 87' lang='lat' dir='ltr'>erant,</span> <span class='ocrx_word' id='word_1_306' title='bbox 786 2582 820 2624; x_wconf 93' lang='lat' dir='ltr'>si</span> <span class='ocrx_word' id='word_1_307' title='bbox 860 2583 1014 2624; x_wconf 90' lang='lat' dir='ltr'>Proclo</span> <span class='ocrx_word' id='word_1_308' title='bbox 1056 2582 1169 2625; x_wconf 79' lang='lat' dir='ltr'>fides</span> <span class='ocrx_word' id='word_1_309' title='bbox 1209 2586 1276 2626; x_wconf 91' lang='lat' dir='ltr'>est</span> <span class='ocrx_word' id='word_1_310' title='bbox 1316 2585 1568 2635; x_wconf 83' lang='lat' dir='ltr'>(chrestom.</span> <span class='ocrx_word' id='word_1_311' title='bbox 1604 2586 1643 2636; x_wconf 85' lang='lat'>5,</span> <span class='ocrx_word' id='word_1_312' title='bbox 1666 2586 1731 2639; x_wconf 79' lang='lat'>4);</span> <span class='ocrx_word' id='word_1_313' title='bbox 1775 2584 1829 2625; x_wconf 90' lang='lat' dir='ltr'>ab</span> 
     </span>
     <span class='ocr_line' id='line_1_34' title="bbox 132 2648 1830 2711; baseline 0.003 -21"><span class='ocrx_word' id='word_1_314' title='bbox 132 2648 397 2706; x_wconf 83' lang='lat' dir='ltr'>Aethiopide</span> <span class='ocrx_word' id='word_1_315' title='bbox 424 2650 541 2693; x_wconf 84' lang='lat' dir='ltr'>enim</span> <span class='ocrx_word' id='word_1_316' title='bbox 568 2651 643 2707; x_wconf 91' lang='lat' dir='ltr'>qui</span> <span class='ocrx_word' id='word_1_317' title='bbox 670 2652 765 2695; x_wconf 89' lang='lat' dir='ltr'>sine</span> <span class='ocrx_word' id='word_1_318' title='bbox 792 2652 925 2695; x_wconf 89' lang='lat' dir='ltr'>dubio</span> <span class='ocrx_word' id='word_1_319' title='bbox 952 2653 1119 2708; x_wconf 88' lang='lat' dir='ltr'>pendet</span> <span class='ocrx_word' id='word_1_320' title='bbox 1145 2654 1324 2696; x_wconf 86' lang='lat' dir='ltr'>alterius</span> <span class='ocrx_word' id='word_1_321' title='bbox 1360 2658 1540 2708; x_wconf 79' lang='grc' dir='ltr'><em>νεκυίας</em></span> <span class='ocrx_word' id='word_1_322' title='bbox 1569 2658 1703 2711; x_wconf 89' lang='lat' dir='ltr'>poeta</span> <span class='ocrx_word' id='word_1_323' title='bbox 1724 2654 1830 2697; x_wconf 85' lang='lat' dir='ltr'>fecit</span> 
     </span>
     <span class='ocr_line' id='line_1_35' title="bbox 132 2720 1829 2778; baseline 0.002 -15"><span class='ocrx_word' id='word_1_324' title='bbox 132 2720 184 2773; x_wconf 90' lang='grc' dir='ltr'>(ω</span> <span class='ocrx_word' id='word_1_325' title='bbox 216 2722 290 2774; x_wconf 84' lang='lat'>47)</span> <span class='ocrx_word' id='word_1_326' title='bbox 333 2721 495 2763; x_wconf 87' lang='lat' dir='ltr'>Thetin</span> <span class='ocrx_word' id='word_1_327' title='bbox 533 2722 581 2775; x_wconf 77' lang='grc' dir='ltr'>ἐξ</span> <span class='ocrx_word' id='word_1_328' title='bbox 622 2724 730 2775; x_wconf 85' lang='grc' dir='ltr'><em>ἁλός</em></span> <span class='ocrx_word' id='word_1_329' title='bbox 768 2723 946 2766; x_wconf 89' lang='lat' dir='ltr'>venisse</span> <span class='ocrx_word' id='word_1_330' title='bbox 981 2724 1036 2765; x_wconf 90' lang='lat' dir='ltr'>ad</span> <span class='ocrx_word' id='word_1_331' title='bbox 1080 2723 1220 2766; x_wconf 83' lang='lat' dir='ltr'>filium</span> <span class='ocrx_word' id='word_1_332' title='bbox 1252 2725 1470 2778; x_wconf 89' lang='lat' dir='ltr'>flendum;</span> <span class='ocrx_word' id='word_1_333' title='bbox 1514 2725 1642 2768; x_wconf 84' lang='lat' dir='ltr'>facile</span> <span class='ocrx_word' id='word_1_334' title='bbox 1681 2728 1829 2768; x_wconf 83' lang='lat' dir='ltr'>autem</span> 
     </span>
     <span class='ocr_line' id='line_1_36' title="bbox 133 2792 1830 2851; baseline 0.004 -19"><span class='ocrx_word' id='word_1_335' title='bbox 133 2792 377 2845; x_wconf 88' lang='lat' dir='ltr'>potuerunt</span> <span class='ocrx_word' id='word_1_336' title='bbox 403 2792 674 2836; x_wconf 86' lang='lat' dir='ltr'>recentiores</span> <span class='ocrx_word' id='word_1_337' title='bbox 697 2794 825 2836; x_wconf 89' lang='lat' dir='ltr'>deam</span> <span class='ocrx_word' id='word_1_338' title='bbox 853 2796 897 2836; x_wconf 86' lang='lat' dir='ltr'>et</span> <span class='ocrx_word' id='word_1_339' title='bbox 922 2808 1043 2836; x_wconf 88' lang='lat' dir='ltr'>mare</span> <span class='ocrx_word' id='word_1_340' title='bbox 1071 2794 1356 2838; x_wconf 76' lang='lat' dir='ltr'>confundere.</span> <span class='ocrx_word' id='word_1_341' title='bbox 1410 2796 1558 2851; x_wconf 86' lang='lat' dir='ltr'>Atque</span> <span class='ocrx_word' id='word_1_342' title='bbox 1580 2796 1752 2838; x_wconf 89' lang='lat' dir='ltr'>accedit</span> <span class='ocrx_word' id='word_1_343' title='bbox 1774 2797 1830 2838; x_wconf 88' lang='lat' dir='ltr'>ad</span> 
     </span>
     <span class='ocr_line' id='line_1_37' title="bbox 130 2860 1826 2923; baseline 0.004 -21"><span class='ocrx_word' id='word_1_344' title='bbox 130 2860 247 2903; x_wconf 88' lang='lat' dir='ltr'>hanc</span> <span class='ocrx_word' id='word_1_345' title='bbox 274 2861 530 2905; x_wconf 87' lang='lat' dir='ltr'>Callimachi</span> <span class='ocrx_word' id='word_1_346' title='bbox 562 2863 978 2920; x_wconf 89' lang='lat' dir='ltr'>interpretationem</span> <span class='ocrx_word' id='word_1_347' title='bbox 1009 2864 1288 2918; x_wconf 79' lang='lat' dir='ltr'>firmandam,</span> <span class='ocrx_word' id='word_1_348' title='bbox 1324 2867 1442 2922; x_wconf 90' lang='lat' dir='ltr'>quod</span> <span class='ocrx_word' id='word_1_349' title='bbox 1474 2866 1570 2923; x_wconf 90' lang='lat' dir='ltr'>ipsa</span> <span class='ocrx_word' id='word_1_350' title='bbox 1592 2867 1734 2910; x_wconf 88' lang='lat' dir='ltr'>Niobe</span> <span class='ocrx_word' id='word_1_351' title='bbox 1767 2867 1826 2921; x_wconf 90' lang='lat' dir='ltr'>(v.</span> 
     </span>
     <span class='ocr_line' id='line_1_38' title="bbox 131 2932 1343 2991; baseline 0.006 -19"><span class='ocrx_word' id='word_1_352' title='bbox 131 2932 187 2972; x_wconf 83' lang='lat'>20</span> <span class='ocrx_word' id='word_1_353' title='bbox 209 2934 322 2987; x_wconf 89' lang='lat' dir='ltr'>sqq.)</span> <span class='ocrx_word' id='word_1_354' title='bbox 355 2933 502 2988; x_wconf 90' lang='lat' dir='ltr'>potius</span> <span class='ocrx_word' id='word_1_355' title='bbox 534 2948 667 2990; x_wconf 90' lang='lat' dir='ltr'>rupes</span> <span class='ocrx_word' id='word_1_356' title='bbox 701 2949 834 2991; x_wconf 88' lang='lat' dir='ltr'>quam</span> <span class='ocrx_word' id='word_1_357' title='bbox 866 2935 1031 2977; x_wconf 79' lang='lat' dir='ltr'>femina</span> <span class='ocrx_word' id='word_1_358' title='bbox 1062 2935 1343 2991; x_wconf 85' lang='lat' dir='ltr'>intellegitur.</span> 
     </span>
    </p>

    <p class='ocr_par' dir='ltr' id='par_1_5' title="bbox 250 3014 1588 3063">
     <span class='ocr_line' id='line_1_39' title="bbox 250 3014 1588 3063; baseline 0.005 -15"><span class='ocrx_word' id='word_1_359' title='bbox 250 3014 275 3057; x_wconf 88' lang='lat'>¹)</span> <span class='ocrx_word' id='word_1_360' title='bbox 302 3014 477 3058; x_wconf 79' lang='lat' dir='ltr'>Exempla</span> <span class='ocrx_word' id='word_1_361' title='bbox 502 3016 753 3060; x_wconf 79' lang='lat' dir='ltr'>suppeditavit</span> <span class='ocrx_word' id='word_1_362' title='bbox 777 3017 1029 3052; x_wconf 78' lang='lat' dir='ltr'>Reitzenstein</span> <span class='ocrx_word' id='word_1_363' title='bbox 1056 3017 1146 3062; x_wconf 85' lang='lat' dir='ltr'>GgA</span> <span class='ocrx_word' id='word_1_364' title='bbox 1174 3019 1274 3062; x_wconf 85' lang='lat'>1904,</span> <span class='ocrx_word' id='word_1_365' title='bbox 1302 3030 1334 3063; x_wconf 90' lang='lat' dir='ltr'>p.</span> <span class='ocrx_word' id='word_1_366' title='bbox 1361 3020 1430 3054; x_wconf 73' lang='lat'>953</span> <span class='ocrx_word' id='word_1_367' title='bbox 1456 3020 1535 3055; x_wconf 87' lang='lat' dir='ltr'>adn.</span> <span class='ocrx_word' id='word_1_368' title='bbox 1559 3021 1588 3055; x_wconf 90' lang='lat'>1.</span> 
     </span>
    </p>
   </div>
   <div class='ocr_carea' id='block_1_4' title="bbox 136 2996 416 3004">
    <p class='ocr_par' dir='ltr' id='par_1_6' title="bbox 136 2996 416 3004">
     <span class='ocr_line' id='line_1_40' title="bbox 136 2996 416 3004; baseline 0 0"><span class='ocrx_word' id='word_1_369' title='bbox 136 2996 416 3004; x_wconf 95' lang='lat' dir='ltr'> </span> 
     </span>
    </p>
   </div>
  </div>
 </body>
</html>
