2180 3482
341 221 422 260 130
970 213 1024 247 De
1049 213 1182 247 fabulis
1207 213 1392 256 cyrenaeis

337 328 488 381 portas
516 321 758 377 appellatas
782 333 878 361 esse
910 320 1039 361 modo
1066 333 1158 361 non
1191 317 1288 360 dico
1322 317 1624 360 demonstravi
1646 317 1723 359 sed
1755 316 1799 358 in
1832 318 2027 359 mentem

338 410 488 438 eorum
542 392 617 448 qui
668 392 869 445 legerent
920 404 1132 433 revocare
1187 388 1346 431 studui.
1427 388 1531 430 Orci
1582 389 1761 430 domum
1808 387 2029 429 Homerus

340 467 455 508 &74
486 465 512 505 λ
535 465 614 504 571
652 462 900 518 εὐρυπυλὲς
931 462 1072 513 Ἄιδος
1105 462 1168 503 ὁῶ
1207 459 1397 503 vocavit.
1476 460 1568 501 Iam
1607 457 1797 500 dubitari
1828 472 1919 500 non
1951 472 2028 513 po-

335 538 422 578 test
475 548 561 589 quo
609 531 827 588 Eurypyli
879 545 1043 573 nomen
1096 534 1280 587 spectet.
1343 529 1528 572 Accedit
1581 530 1699 585 quod
1751 529 2030 584 Eurypylum

334 607 513 648 heroem
561 603 765 658 mysium‚
814 601 998 657 Telephi
1044 601 1197 652 filium,
1247 600 1453 655 Pergami
1491 600 1535 641 in
1572 599 1826 655 Aesculapii
1863 598 2028 654 templo

334 675 564 717 nominare
612 688 702 715 non
749 672 925 723 licebat,
976 685 1246 727 quamquam
1292 671 1352 712 ibi
1398 670 1554 725 hymni
1595 684 1620 712 a
1661 669 1845 725 Telephi
1892 668 2030 724 patris

334 745 513 787 nomine
536 745 709 786 initium
733 742 988 799 capiebant3
1013 757 1116 783 nam
1140 755 1272 797 quam
1296 755 1475 782 causam
1498 740 1739 782 Pausanias
1763 740 1843 794 (III
1862 741 1931 791 26,
1962 742 2028 793 10)

337 816 518 872 profert,
566 815 687 856 illum
728 814 974 855 Machaona
1010 811 1300 863 interfecisse,
1346 810 1452 852 illud
1491 814 1634 853 αἴτιον
1673 809 2031 852 commenticium

336 900 432 929 esse
465 885 748 928 manifestum
783 887 867 936 est;
914 883 1047 925 immo
1080 882 1125 923 in
1159 881 1294 924 sacris
1327 881 1397 924 dei
1430 881 1633 923 salutaris
1667 881 1798 923 deum
1831 880 2031 923 orcinum

336 970 682 999 commemorare
721 955 822 997 mali
862 954 1019 997 ominis
1053 956 1158 996 erat.
1223 952 1441 1008 Eurypyli
1472 951 1742 994 Euaemonis
1774 951 1852 992 fflii
1885 951 2029 1007 sepul-

336 1042 458 1069 crum
504 1026 646 1069 Patris
698 1026 743 1067 in
800 1040 877 1068 ora
928 1024 1141 1068 Graeciae
1189 1022 1454 1066 occidentali
1500 1023 1831 1064 monstrabatur
1882 1022 2028 1075 (Paus.

335 1099 416 1140 VII
445 1101 509 1149 19,
540 1100 597 1151 1);
646 1111 726 1153 per
768 1096 956 1138 eandem
997 1095 1152 1137 urbem
1200 1094 1342 1136 amnis
1380 1093 1478 1135 fluit
1520 1095 1739 1147 ΒῙείλιχος
1779 1093 1923 1143 (Paus
1948 1092 2031 1134 VH

340 1172 405 1220 19,
439 1171 502 1219 9);
553 1167 618 1209 dis
665 1168 901 1221 ΒΙειλίχοις
948 1165 1155 1221 Myoniae
1202 1165 1246 1206 in
1295 1164 1457 1220 oppido
1505 1164 1746 1206 Locrorum
1795 1163 2030 1206 Ozolarum

334 1242 470 1281 noctu
508 1241 683 1280 tantum
717 1236 1070 1288 sacrificabatur3
1114 1235 1314 1291 Iuppiter
1345 1236 1580 1290 ΒΙειλίχιος
1616 1249 1715 1276 611111
1750 1233 1940 1290 Ἐνοόίᾳ,
1988 1233 2032 1274 id

335 1312 399 1352 est
441 1323 540 1351 cum
573 1309 758 1359 Hecata,
798 1307 977 1349 Larisae
1018 1306 1370 1357 consociabatur‚
1411 1308 1459 1347 ut
1497 1305 1651 1347 titulus
1690 1307 1879 1347 testatur
1911 1303 2030 1346 BCH

334 1380 441 1421 XIII
470 1382 593 1430 1889,
622 1380 719 1420 892.
745 1382 784 1420 9.
847 1378 898 1419 In
946 1376 1131 1433 proclivi
1179 1379 1245 1419 est
1292 1376 1447 1428 Patris,
1496 1378 1545 1417 ut
1592 1375 1690 1430 Pyli
1736 1375 1782 1416 in
1829 1375 2030 1416 Taenaro

334 1450 449 1502 alibi,
484 1449 587 1492 Orci
620 1452 771 1505 portas
804 1449 1042 1491 collocatas
1075 1461 1185 1490 esse.

454 1520 517 1562 Sit
547 1519 750 1576 quamvis
783 1534 921 1561 unum
955 1522 999 1561 et¹
1031 1519 1219 1561 alterum
1253 1520 1566 1573 argumentum
1597 1530 1678 1572 per
1711 1530 1757 1558 se
1790 1515 2029 1569 infirmum,

335 1594 379 1633 at
411 1590 615 1633 omnibus
648 1590 693 1632 in
725 1605 864 1632 unum
890 1589 1058 1632 fascem
1092 1588 1287 1631 collectis
1313 1588 1399 1630 iam
1423 1587 1466 1629 id
1497 1588 1615 1643 quod
1647 1587 1852 1630 volumus
1885 1586 2029 1628 eluce-

338 1661 414 1713 bit,
460 1661 737 1717 Eurypylum
782 1660 883 1702 olim
926 1661 1117 1702 eundem
1158 1659 1295 1701 fuisse
1337 1661 1472 1714 atque
1512 1658 1674 1700 Orcum
1692 1657 1732 1709 ¹).
1798 1656 1883 1708 Qui
1924 1671 2030 1700 vero

341 1733 507 1775 Orcum
540 1731 707 1787 Libyae
741 1732 872 1773 deum
906 1745 1002 1773 esse
1034 1730 1179 1782 finxit,
1227 1729 1299 1772 ille
1333 1729 1520 1784 Libyam
1561 1730 1836 1770 mortuorum
1868 1730 2031 1769 terram

336 1802 533 1854 credidit,
581 1816 729 1858 neque
769 1801 904 1857 igitur
944 1801 1061 1843 illam
1104 1800 1185 1842 sub
1228 1800 1497 1842 Graecorum
1540 1798 1758 1841 dicionem
1802 1798 2031 1840 redactum

335 1873 385 1914 iri
418 1872 615 1929 speravit
646 1886 794 1928 neque
826 1871 958 1914 finxit
996 1872 1141 1927 ipsum
1175 1871 1338 1914 Orcum
1372 1870 1489 1912 illam
1522 1870 1754 1925 Euphemo
1788 1868 2030 1924 pollicitum

337 1958 434 1986 esse
448 1943 491 1997 2).
538 1944 630 1985 Iam
662 1943 765 1985 inde
799 1942 1098 1999 consequitur,
1133 1945 1181 1984 ut
1213 1941 1391 1983 fabulae
1425 1941 1696 1997 eurypyleae
1728 1940 1871 1981 forma
1904 1942 2029 1982 vetu-

336 2013 527 2056 stissima
570 2013 747 2056 fabulae
792 2014 846 2056 de
885 2013 1067 2055 Tritone
1113 2012 1329 2054 simillima
1372 2011 1518 2054 fuerit.
1583 2010 1701 2052 Hinc
1742 2009 2032 2052 confirmatur

333 2085 449 2126 hanc
497 2083 602 2126 satis
651 2083 879 2139 antiquam
934 2098 1050 2136 esse;
1106 2098 1210 2124 nam
1259 2082 1525 2138 simulatque
1571 2081 1776 2136 Cyrenae
1826 2080 2031 2123 conditae

335 2157 497 2205 essent,
522 2168 707 2197 necesse
731 2157 795 2196 est
820 2154 1015 2195 fabulam
1039 2152 1269 2209 pristinam
1294 2167 1438 2208 paene
1460 2152 1505 2193 in
1531 2151 1796 2194 contrariam
1816 2153 2030 2192 mutatam

335 2239 450 2268 esse:
486 2225 763 2281 Eurypylum
798 2225 852 2266 ab
885 2225 1116 2280 Euphemo
1152 2223 1245 2266 sive
1267 2222 1537 2278 Argonautis
1571 2237 1661 2264 non
1693 2222 1778 2264 iam
1811 2221 2030 2277 tripodem

334 2295 556 2350 recepisse
595 2296 672 2337 sed
711 2295 885 2349 glebam
928 2294 1010 2336 illis
1044 2294 1329 2336 concessisse.
1396 2293 1563 2335 Fabula
1594 2292 1729 2348 igitur
1762 2293 1816 2335 de
1849 2292 2031 2335 Tritone

336 2369 410 2408 aut
461 2365 648 2420 Cyrenis
698 2365 914 2408 vetustior
960 2365 1042 2407 fuit
1088 2367 1164 2406 aut
1210 2367 1303 2406 tum
1350 2364 1609 2419 composita,
1659 2378 1756 2405 cun]
1809 2361 2031 2418 Cyrenaei

334 2436 483 2491 primis
535 2436 731 2478 cladibus
774 2451 798 2477 a
837 2436 1035 2490 Lihybus
1076 2435 1281 2491 receptis,
1338 2436 1392 2477 de
1436 2435 1707 2477 Graecorum
1762 2433 1942 2475 fortuna
1983 2431 2027 2473 in

334 2506 484 2548 Africa
525 2507 830 2562 desperarunt.
896 2507 1028 2557 Sane,
1068 2521 1173 2547 num
1213 2505 1361 2547 fabula
1402 2506 1456 2547 de
1490 2504 1672 2546 Tritone
1709 2503 1793 2546 iam
1834 2503 1937 2545 inde
1975 2502 2030 2544 ab

452 2720 477 2763 ¹)
504 2720 601 2753 Idem
621 2719 871 2753 concluserant
892 2718 955 2752 Ed.
976 2718 1171 2759 Schwartz5
1192 2720 1330 2759 quaest.
1350 2716 1468 2750 herod.
1491 2716 1622 2760 (progr.
1642 2716 1740 2749 univ.
1759 2713 2030 2748 Rostochiensis

333 2789 364 2811 a.
384 2778 488 2822 1890)
510 2779 550 2812 11
565 2789 627 2820 sqq
651 2790 656 2819 3
684 2779 723 2812 E.
744 2778 852 2811 Maass
874 2776 972 2810 GGA
992 2777 1092 2819 1890,
1112 2776 1196 2818 34&
1225 2786 1375 2818 quorum
1393 2778 1610 2819 argumenta
1628 2775 1791 2816 repetivi,
1812 2774 1908 2816 auxi,
1926 2774 2030 2806 novis

334 2837 427 2870 fulsi.
480 2837 547 2872 Sed
573 2838 646 2870 iani
672 2838 708 2870 in
736 2836 860 2870 tabula
887 2836 929 2870 de
956 2835 1140 2878 Eurypylo
1166 2835 1288 2878 libyca
1313 2833 1541 2868 restituenda
1567 2833 1612 2867 ab
1638 2833 1683 2866 iis
1710 2832 1862 2866 discedo.

451 2896 478 2939 ²)
507 2895 724 2929 Ferrabinus
751 2895 798 2938 (p.
818 2894 901 2939 518)
935 2894 1122 2928 contendit
1148 2893 1374 2936 Eurypylum
1404 2892 1471 2926 hac
1496 2895 1642 2926 tantum
1668 2891 1710 2925 de
1737 2900 1848 2925 causa
1873 2891 1911 2924 in
1936 2890 2029 2924 hanc

331 2953 491 2987 fabulam
517 2954 763 2988 introductum
781 2964 868 2995 esse,
896 2953 987 2994 quod
1006 2963 1162 2987 caverna
1180 2951 1283 2991 Gioh,
1310 2961 1402 2994 quae
1427 2960 1498 2984 non
1524 2950 1630 2993 longe
1657 2961 1678 2983 a
1703 2949 1854 2984 lacubus
1882 2958 2028 2990 euespe-

333 3013 449 3045 riticis
475 3013 640 3055 distaret,
668 3012 747 3046 Orci
775 3015 880 3054 porta
906 3011 1033 3045 habita
1060 3014 1165 3045 esset.
1216 3010 1256 3044 Id
1283 3009 1375 3051 quod
1401 3020 1472 3042 non
1498 3008 1661 3042 sufficere
1688 3008 1842 3042 videtur.
