2180 3482
339 225 395 264 24
977 221 1029 254 De
1054 220 1186 262 hymno
1212 219 1391 262 Apollinis

340 328 633 371 Callimachus
656 329 698 368 et
722 326 990 381 reliquorum
1012 324 1193 367 testium
1219 324 1418 380 plerique
1440 323 1655 380 Apollinis
1678 323 1808 365 unius
1832 337 2025 365 amorem

338 397 515 440 Admeti
548 399 906 447 commemorent,
947 398 1047 437 sunt
1088 398 1237 437 tamen
1277 394 1351 450 qui
1391 394 1483 436 eius
1531 395 1751 436 aemulum
1790 393 2026 436 Herculem

340 468 505 520 dicant;
560 470 609 509 ut
658 466 936 522 Augustinus
989 467 1043 508 de
1097 465 1277 508 civitate
1330 465 1400 507 dei
1445 465 1596 508 XVIII
1641 479 1736 520 cap.
1774 466 1824 506 13
1877 466 2028 505 narrat

338 538 587 594 Apollinem
622 552 721 580 cum
754 537 946 579 Hercule
978 537 1166 578 Admeto
1201 536 1451 587 servivisse,
1486 535 1710 578 servitutis
1745 549 1923 577 causam
1960 548 2026 577 re-

339 609 457 651 ticet.
523 609 783 651 Plutarchus
815 607 982 649 Erotici
1021 623 1061 663 p.
1083 610 1202 649 7610
1240 609 1391 648 narrat
1431 606 1669 648 Herculem
1700 605 1899 648 Alcestin
1939 619 2026 647 ser—

340 693 481 730 vasse,
517 694 616 721 cum
639 679 733 734 ipse
758 679 996 720 Admetum
1023 680 1233 729 amassetg
1269 676 1389 718 addit
1421 680 1495 719 καὶ
1527 678 1610 732 γὰρ
1642 678 1721 719 τὸν
1753 676 2023 719 Ἀπόλλωνα

338 751 672 805 μυθολογοῦσιν
713 751 907 805 ἐραστὴν
948 750 1192 803 γενόμενον
1237 748 1472 802 fisidiam&
1505 748 1843 803 παραθητεῦσαι
1883 749 2027 802 μέγαν

340 825 402 874 εἰς
436 824 683 871 ἑυιαυτόνίέ,
726 820 800 861 ubi
833 819 945 861 illius
978 822 1060 875 γάρ
1093 820 1203 860 ratio
1237 818 1427 860 obscura
1459 820 1538 869 est,
1583 817 1668 859 nisi
1700 817 1887 859 fortasse
1921 832 2028 873 quo-

341 905 531 947 cumque
572 891 702 933 modo
745 890 919 932 adicere
963 889 1101 932 voluit
1138 888 1354 944 Apollinis
1397 902 1505 943 erga
1541 888 1779 930 Admetum
1822 901 2028 939 amorem,

342 977 441 1004 cum
474 965 517 1004 et
551 962 787 1004 Herculem
821 964 862 1003 et
895 960 1145 1016 Apollinem
1178 962 1378 1002 amantes
1420 959 1459 1002 ei
1500 959 1617 1001 idem
1659 962 1813 1000 auctor
1846 958 2029 1013 praebe-

341 1036 421 1075 ret.
487 1032 611 1084 Quae
650 1031 872 1074 conclusio
917 1030 1158 1074 Clementis
1190 1029 1480 1072 Alexandrini
1517 1029 1771 1072 testimonio
1810 1028 2029 1081 firmatur,

342 1103 437 1159 qui(
446 1103 763 1156 Strom.I107):
782 1102 953 1157 Apollo,
972 1101 1128 1157 inquit,
1147 1103 1220 1143 καὶ
1238 1100 1444 1156 Ἀδμήτῳ
1462 1101 1670 1157 θητεύων
1688 1104 1933 1156 εὑρίσκεται
1951 1103 2032 1142 σὺν

342 1177 415 1216 καὶ
430 1173 653 1228 “Ηρακλεῖ
664 1175 808 1229 μέγαν
824 1176 885 1226 εἰς
905 1174 1123 1215 ἐνιαυτόν.
1160 1172 1309 1214 Unum
1327 1185 1507 1213 carmen
1526 1170 1619 1213 sive
1635 1170 1782 1213 herois
1800 1170 1894 1213 sive
1912 1169 2031 1211 disti-

342 1243 434 1286 chis
468 1243 767 1298 conscriptum
802 1242 1007 1285 Clemens
1041 1245 1085 1284 et
1117 1242 1378 1284 Plutarchus
1411 1241 1666 1297 respiciunt,
1702 1255 1788 1297 quo
1817 1240 2032 1282 Hercules

345 1318 385 1356 et
420 1314 576 1369 Apollo
621 1314 916 1355 narrabantur
947 1313 1135 1355 Admeto
1176 1315 1357 1368 propter
1395 1326 1590 1354 amorem
1623 1311 1751 1354 simul
1783 1310 2031 1354 servivisse.

342 1385 489 1440 Atque
529 1385 610 1426 fuit
656 1384 773 1426 istud
815 1397 993 1426 carmen
1034 1386 1077 1426 et
1116 1382 1311 1425 carmine
1348 1382 1570 1425 recentius
1610 1397 1696 1438 quo
1729 1397 1844 1424 unus
1876 1382 2033 1437 Apollo

343 1456 533 1498 Admeto
577 1469 732 1497 amans
771 1454 1007 1497 servivisse
1054 1453 1318 1496 narrabatur
1365 1453 1484 1507 (huic
1532 1453 1648 1496 enim
1701 1453 1827 1509 quasi
1867 1467 2035 1495 novum

344 1527 566 1582 quoddam
596 1539 783 1568 acumen
807 1525 997 1578 additur)
1033 1528 1074 1567 et
1107 1524 1295 1567 fortasse
1328 1523 1473 1566 minus
1504 1523 1667 1575 nobile,
1703 1538 1804 1566 cum
1836 1522 2035 1579 plerique

344 1613 480 1640 unum
490 1596 740 1653 Apollinem
753 1596 987 1639 servivisse
998 1598 1192 1647 narrent,
1204 1594 1334 1651 pauci
1347 1594 1480 1638 etiam
1488 1595 1738 1646 Herculem,
1752 1608 1881 1636 nemo
1898 1610 2035 1637 unum

344 1668 594 1711 Herculem.
659 1668 878 1723 Tempora
918 1666 963 1708 in
996 1666 1218 1708 Rhianum
1257 1668 1377 1709 certe
1415 1666 1653 1722 quadrant3
1697 1665 1885 1721 quadrat
1917 1665 2035 1721 quod

344 1738 542 1781 Rhianus
586 1738 847 1780 Heracleam
893 1736 1171 1793 conscripsit3
1222 1751 1360 1793 quare
1408 1735 1613 1792 equidem
1662 1735 1865 1779 existimo
1914 1738 2036 1778 recte

346 1810 595 1852 Stahlinum
637 1809 682 1850 in
716 1808 958 1852 Clementis
1002 1808 1194 1851 editione
1235 1808 1356 1850 illum
1399 1822 1577 1850 versum
1610 1806 1783 1849 Rhiano
1815 1805 2035 1858 tribuisse,

345 1895 613 1938 quamquam
639 1880 785 1922 minus
813 1883 917 1936 apta
935 1879 1119 1922 confert.
1156 1879 1305 1923 Voluit
1334 1893 1440 1921 sane
1459 1878 1657 1920 Rhianus
1674 1877 1922 1933 explicare,
1950 1891 2038 1933 qua

345 1952 399 1994 de
432 1966 566 1994 causa
598 1951 812 1994 Hercules
855 1951 1106 2007 euripideus
1147 1950 1193 1992 in
1225 1950 1463 1992 Admetum
1503 1952 1595 1991 tam
1627 1963 1849 2005 propensa
1881 1949 2036 1992 volun-

343 2025 437 2065 tate
476 2021 621 2073 fuerit,
681 2021 808 2063 simul
855 2022 1036 2064 heroem
1081 2021 1323 2076 ingentem,
1389 2020 1521 2063 etiam
1568 2020 1805 2062 immanem
1845 2018 2037 2075 Apollini

345 2094 426 2136 deo
473 2093 586 2136 bello
637 2096 679 2135 et
718 2092 839 2134 cultu
879 2091 1206 2147 elegantissimo
1245 2091 1408 2147 insigni
1447 2091 1745 2134 aemulantem
1783 2089 1921 2132 oculis
1965 2104 2036 2132 su-

345 2163 505 2206 bicere.

464 2234 572 2286 Quis
591 2236 694 2276 ante
713 2233 933 2275 Rhianum
950 2232 1199 2289 Apollinem
1217 2232 1455 2275 Admetum
1473 2246 1644 2274 amasse
1661 2231 1830 2283 fecerit,
1865 2230 2036 2283 nescio;

346 2305 645 2348 coniecturam
683 2304 872 2347 fortasse
911 2317 1162 2360 proponere
1198 2303 1314 2346 licet.
1379 2302 1670 2345 Philostratus
1710 2302 1836 2358 epist.
1862 2304 1916 2343 57
1949 2301 2036 2343 Ad-

345 2379 513 2419 metum
546 2390 646 2418 cum
678 2376 881 2418 Brancho
917 2374 1161 2427 consociat3
1204 2374 1419 2430 Apollinis
1452 2387 1557 2417 vero
1592 2376 1637 2416 et
1668 2372 1860 2415 Branchi
1893 2375 2038 2415 castos

347 2461 518 2489 amores
552 2446 848 2489 Callimachus
881 2445 1042 2488 cecinit
1087 2445 1282 2488 carmine
1325 2444 1477 2500 lyrico,
1525 2445 1644 2500 quod
1684 2446 1901 2500 quantum
1941 2442 2039 2485 fieri

348 2520 496 2573 potest
552 2516 744 2560 restituit
803 2516 1073 2569 Knaackius,
1130 2516 1445 2558 Analectorum
1497 2515 1799 2558 Alexandrino
1850 2541 1901 2544 —
1952 2514 2037 2556 Ro-

348 2602 580 2630 manorum
614 2603 654 2644 p.
678 2590 735 2629 48
759 2602 853 2643 sqq.
907 2587 958 2628 In
992 2586 1176 2642 proclivi
1209 2589 1275 2629 est
1307 2585 1511 2628 conicere
1543 2585 1687 2641 ipsum
1721 2584 2039 2628 Callimachum

347 2659 432 2701 hoc
474 2659 743 2713 hymnorum
782 2658 879 2700 loco
923 2673 1050 2700 suum
1093 2671 1272 2700 carmen
1311 2657 1545 2712 respicere,
1592 2656 1636 2698 id
1675 2656 1794 2712 quod
1831 2655 1887 2698 ab
1925 2655 2038 2697 illius

349 2729 669 2771 consuetudine
710 2727 890 2770 minime
932 2728 1151 2770 abhorret.
1190 2754 1240 2757 —
1275 2728 1373 2769 Hoc
1405 2741 1509 2770 vero
1551 2741 1731 2769 carmen
1770 2726 2039 2782 quicumque

349 2799 536 2855 scripsit,
571 2815 703 2855 quam
736 2798 884 2841 nobile
916 2799 1021 2840 illud
1053 2798 1199 2851 fuerit,
1241 2798 1345 2840 hinc
1378 2797 1510 2840 etiam
1543 2798 1885 2849 demonstratur,
1920 2796 2038 2853 quod

348 2869 450 2912 inde
474 2871 528 2912 ab
555 2873 701 2912 aetate
724 2869 1013 2912 alexandrina
1036 2868 1229 2912 fluminis
1252 2868 1493 2924 Amphrysi
1513 2867 1681 2910 nomini
1707 2867 1752 2909 in
1784 2868 1868 2909 hac
1888 2867 2039 2910 fabula

349 2943 495 2983 certus
528 2941 662 2983 locus.
728 2940 857 2992 Quod
890 2954 1159 2996 quamquam
1193 2939 1486 2982 Callimachus
1520 2941 1848 2991 commemorat,
1883 2953 2038 2994 parum

350 3010 586 3056 verisimile
626 3014 691 3055 est
732 3011 837 3054 illud
879 3024 930 3054 ea
963 3011 1017 3055 de
1050 3025 1183 3054 causa
1214 3009 1535 3055 nobilissimum
1562 3009 1730 3052 factum
1764 3023 1872 3062 esse,
1921 3009 2039 3065 quod
