2180 3482
339 231 396 270 40
981 226 1035 260 De
1059 225 1190 268 hymno
1216 224 1395 268 Apollinis

342 334 486 389 paullo
535 336 639 375 ante
678 332 878 387 Cyrenas
922 332 967 374 in
1012 332 1185 374 illorum
1228 344 1383 386 regum
1429 333 1708 386 potestatem,
1758 345 1869 387 quos
1902 329 2030 373 Calli-

341 405 523 446 machus
564 406 790 455 „nostros⁴‘
833 403 956 454 dixit,
1010 403 1213 445 redactas
1256 415 1364 444 esse.
1445 400 1530 453 Qui
1574 415 1680 445 vero
1726 414 1853 443 secus
1898 400 2031 443 inter-

344 474 588 530 pretabitur
604 474 645 528 ¹),
701 473 865 516 frustra
917 475 1115 530 quaeret,
1173 486 1251 514 cur
1302 474 1427 514 tanto
1484 472 1682 527 pondere
1739 471 2033 514 Callimachus

342 558 557 586 summam
598 544 812 600 Apollinis
856 544 991 587 fidem
1030 542 1253 600 presserit,
1300 542 1374 598 qui
1415 545 1566 584 tamen
1607 541 1694 584 iam
1735 544 1801 584 tot
1847 541 2034 584 saeculis

341 616 446 657 ante
478 614 693 657 Battiadis
725 615 842 657 illam
875 615 1029 657 urbem
1063 612 1368 656 concessisset.
1432 611 1547 654 Fieri
1579 614 1729 654 autem
1767 626 1858 655 non
1890 611 2035 668 potuit

342 688 391 727 ut
419 685 736 728 Callimachum
762 685 940 741 fugeret
961 698 1116 728 omnes
1139 683 1214 740 qui
1236 684 1356 726 hunc
1378 697 1555 726 versum
1576 683 1645 738 leg
1653 686 1792 735 erent,
1826 697 2035 726 versuum

343 758 476 807 25s26
509 756 830 802 recordaturos.
892 756 1003 798 Inde
1035 754 1227 798 efficitur
1260 768 1361 797 eum
1394 753 1527 796 etiam
1559 752 1764 805 voluisse,
1810 753 1885 810 qui
1915 753 2035 808 lege-

343 830 456 878 rent,
489 826 602 868 illius
624 827 709 869 loci
730 826 965 870 reminisci.
1017 827 1141 869 Haec
1163 825 1209 867 in
1232 823 1486 882 praesentia
1516 838 1607 866 non
1639 837 1806 880 premo,
1840 823 2037 880 pluribus

344 897 615 953 disceptabo,
651 912 750 940 cum
773 898 827 940 de
849 897 979 940 huius
1002 895 1208 940 carminis
1231 895 1505 952 temporibus
1528 894 1751 937 disseram.
1797 895 1866 937 De
1887 893 2038 937 fabula

344 968 464 1011 Batti
505 967 550 1010 in
595 969 733 1012 altero
769 969 915 1025 capite
952 968 1177 1011 disseram.
1239 966 1434 1010 Corvum
1470 965 1686 1022 Apollinis
1727 980 1902 1008 sacrum
1941 979 2038 1008 esse

345 1053 435 1081 non
459 1041 526 1082 est
549 1053 627 1082 cur
648 1053 921 1091 moneamus,
956 1053 1057 1082 cum
1079 1041 1255 1082 constet
1276 1037 1392 1080 inter
1424 1050 1590 1080 omnes.
1638 1035 1811 1080 Corvus
1843 1049 1948 1079 vero
1982 1035 2037 1078 ab

344 1109 549 1166 Apolline
585 1110 744 1153 missus
783 1110 978 1153 colonias
1019 1109 1198 1153 duxisse
1244 1108 1420 1165 saepius
1452 1106 1712 1159 narratur2).
1775 1107 1827 1149 In
1860 1105 2038 1149 scholiis

346 1180 402 1222 ad
432 1179 741 1237 Aristophanis
774 1181 887 1223 Nub.
912 1196 953 1224 v.
983 1183 1063 1223 133
1097 1179 1277 1223 Boeotis
1316 1193 1341 1221 a
1372 1178 1616 1221 Thracibus
1653 1176 1791 1234 pulsis
1823 1176 2039 1233 Apollinis

347 1251 573 1294 oraculum
600 1251 882 1307 respondisse
908 1251 1081 1303 dicitur,
1115 1253 1165 1293 ut
1189 1250 1249 1292 ibi
1275 1249 1584 1301 consisterent,
1618 1248 1695 1291 ubi
1727 1248 1849 1291 albos
1882 1261 2040 1291 corvos

347 1320 580 1375 vidissent3
614 1321 710 1364 illos
732 1336 838 1365 vero
864 1323 919 1365 ad
942 1322 1086 1364 sinum
1110 1322 1398 1377 Pagasaeum,
1432 1319 1508 1362 ubi
1533 1320 1643 1363 tales
1670 1333 1828 1363 corvos
1855 1318 2039 1361 circum-

350 1391 588 1435 volitantes
611 1392 965 1449 conspexissent,
998 1392 1199 1435 habitare
1227 1391 1510 1434 constituisse
1524 1390 1566 1443 ⁸).
1615 1390 1764 1447 Atque
1785 1389 1867 1432 fuit
1892 1391 2040 1432 certus

347 1463 469 1506 locus
488 1463 633 1506 corvis
650 1463 695 1505 in
712 1464 808 1520 ipsa
824 1463 975 1506 fabula
992 1464 1046 1506 de
1065 1463 1341 1519 Cyrenarum
1359 1461 1620 1517 originibus,
1642 1461 1760 1517 quod
1778 1459 1895 1504 enim
1911 1459 2040 1503 Calli-

348 1534 528 1577 sthenes
563 1535 800 1577 ementitus
833 1538 901 1578 est
933 1535 1042 1577 duos
1075 1547 1233 1577 corvos
1255 1533 1557 1576 Alexandrum
1580 1532 1738 1575 itinere
1761 1532 2042 1575 deerrantem

349 1604 405 1646 ad
421 1604 651 1648 Ammonis
674 1606 900 1649 oraculum
923 1605 1102 1648 duxisse
1126 1604 1261 1661 (apud
1280 1604 1545 1647 Strabonem
1566 1603 1696 1646 XVII
1718 1604 1817 1655 814,
1851 1617 1892 1659 p.
1917 1604 2041 1654 1135,

348 1678 376 1718 8
393 1677 468 1730 Μ),
501 1677 586 1719 hoc
607 1677 888 1720 mendacium
911 1691 1045 1733 aegre
1067 1676 1244 1719 aliunde
1266 1674 1408 1731 repeti
1430 1676 1591 1731 potest,
1625 1673 1710 1716 nisi
1733 1687 1757 1716 e
1779 1675 1900 1716 certo
1928 1672 2043 1716 illius

351 1746 577 1803 scriptoris
596 1747 791 1799 consilio,
810 1748 1120 1791 utAlexander
1138 1747 1193 1790 ad
1210 1746 1426 1802 templum
1444 1758 1714 1801 cyrenaeum
1731 1744 1786 1787 ab
1802 1744 1956 1788 eadem
1973 1743 2044 1787 avi

351 1818 601 1871 duceretur,
625 1833 652 1861 a
674 1834 762 1876 qua
779 1819 980 1875 Cyrenas
997 1820 1155 1861 Battus
1183 1817 1258 1874 qui
1280 1817 1375 1859 illas
1396 1816 1564 1873 primus
1588 1814 1870 1858 condidisset.
1904 1815 2043 1857 Hera-

352 1888 487 1932 clides
509 1903 614 1933 vero
643 1889 718 1946 qui
750 1889 922 1942 dicitur,
957 1904 1057 1932 cum
1089 1889 1135 1930 in
1168 1887 1434 1932 Civitatibus
1466 1889 1614 1929 narret
1649 1885 1970 1940 (FHG11212,
1996 1887 2042 1937 4)

352 1960 500 2002 album
554 1975 750 2013 corvum,
812 1964 859 2003 ut
913 1961 1139 2003 oraculum
1190 1958 1486 2016 praedixerat,
1550 1957 1774 2000 Arcesilae
1826 1958 2045 2012 regnante

352 2030 610 2087 apparuisse
649 2031 723 2088 qui
764 2031 883 2074 Batti
926 2031 1046 2082 fflffl)
1091 2030 1293 2074 exsilium
1335 2028 1620 2084 significaret,
1671 2027 1777 2085 quid
1815 2027 1933 2070 aliud
1971 2026 2044 2083 qui

352 2102 468 2144 hanc
498 2101 693 2144 fabulam
727 2102 987 2158 composuit,
1026 2101 1165 2145 voluit
1196 2100 1281 2143 nisi
1314 2101 1473 2143 docere
1504 2099 1767 2156 Apollinem,
1802 2098 1877 2155 qui
1909 2111 2044 2141 corvo

353 2172 486 2216 misso
527 2174 708 2216 Battum
759 2173 804 2215 in
845 2173 1031 2228 Libyam
1070 2171 1283 2223 duxisset,
1333 2185 1466 2214 corvo
1506 2185 1659 2213 rursus
1698 2169 1830 2212 misso
1879 2167 2046 2211 Battia-

355 2244 508 2286 darum
559 2243 712 2300 fugam
765 2244 1089 2301 quodammodo
1142 2242 1433 2286 vaticinatum
1481 2241 1607 2285 esse?
1670 2241 1869 2298 Apparet
1917 2238 2046 2284 Galli-

474 2387 500 2429 1)
528 2385 637 2421 Secus
673 2388 768 2421 enim
802 2388 1066 2430 interpretatus
1102 2389 1157 2420 est
1192 2384 1369 2420 Iohannes
1406 2383 1546 2419 Vahlen
1572 2395 1604 2427 p.
1625 2383 1694 2418 814
1712 2393 1804 2426 sqq.;
1847 2387 1933 2416 ante
1968 2392 2048 2416 eum

358 2444 544 2489 Gerckius,
571 2445 637 2480 Rh.
659 2445 750 2480 Mus.
770 2446 887 2480 XLIV
907 2446 1008 2488 1899,
1027 2445 1112 2487 253;
1140 2444 1318 2486 Maassius,
1346 2444 1465 2477 Herm.
1485 2443 1586 2478 XXV
1607 2443 1708 2485 1890,
1726 2441 1797 2476 410
1811 2451 1860 2484 sq.
1894 2440 2048 2475 Nostrae

356 2505 515 2548 opinioni
541 2506 687 2548 propius
713 2505 852 2539 accedit
872 2503 1079 2547 Maltenius‚
1106 2513 1211 2546 quem
1235 2506 1358 2537 tamen
1384 2513 1454 2536 non
1482 2503 1624 2536 omnino
1650 2511 1788 2543 sequor.

475 2563 502 2607 2)
530 2563 705 2606 Exempla
725 2565 797 2597 iam
815 2563 1011 2607 eollegerat
1029 2563 1226 2597 Maltenius
1251 2563 1297 2607 (p.
1318 2562 1387 2606 46),
1416 2572 1485 2595 non
1504 2562 1557 2595 ita
1577 2564 1700 2594 tamen
1718 2559 1791 2593 illis
1809 2569 1894 2593 usus
1912 2562 1954 2592 ut
1971 2568 2047 2601 ego.

476 2622 502 2666 ³)
530 2626 564 2656 οἱ
601 2623 631 2655 δ’
658 2625 699 2656 ἐν
729 2623 920 2667 Θεσσαλίᾳ
953 2623 1054 2656 εἶδον
1080 2623 1400 2667 περιιπταμένους
1432 2622 1517 2662 τοὺς
1550 2623 1613 2653 τοῦ
1641 2618 1892 2659 ’Λπόλλωνος
1927 2618 2050 2662 ἱεροὺς

357 2684 517 2727 κόρακας
556 2683 621 2723 οὓς
655 2683 786 2723 παῖδες
818 2683 969 2726 ἀφῆκαν
1001 2682 1246 2726 γυψώσαντες
1279 2681 1351 2713 ὑπὸ
1377 2680 1513 2725 μέθης.
1564 2678 1632 2720 Qui
1664 2677 1752 2712 haec
1777 2677 1884 2721 leget,
1923 2677 2050 2710 Statim

358 2742 552 2784 perspiciet
588 2744 749 2775 extrema
776 2751 797 2775 a
828 2740 896 2775 tali
928 2739 1014 2774 fieta
1050 2750 1126 2774 esse
1154 2740 1215 2781 qui
1240 2739 1313 2773 iam
1339 2739 1393 2772 dis
1419 2738 1568 2772 remotis
1594 2737 1714 2771 omnia
1740 2746 1758 2770 e
1784 2736 1924 2769 ratione
1949 2734 2006 2768 vel
2032 2745 2050 2768 e

359 2800 505 2834 fortuna
530 2803 721 2843 repeteret.
763 2799 799 2834 Is
825 2799 998 2833 eiusmodi
1024 2799 1251 2833 narrationes
1278 2801 1363 2832 ant-e
1389 2797 1510 2832 oculos
1535 2796 1672 2838 habuit,
1700 2794 1824 2837 quales
1851 2794 1992 2838 Ergias,
2020 2795 2050 2828 si

360 2870 487 2893 nomen
525 2869 662 2901 sanum,
703 2862 739 2893 et
770 2858 962 2901 Polyzelus
999 2859 1037 2891 in
1075 2857 1178 2891 libris
1205 2857 1419 2896 “Ροὸιακοῖς
1454 2854 1699 2898 praebuerunt
1735 2853 1808 2898 (cfr.
1829 2852 1959 2887 Athen.
1981 2852 2051 2887 VII

361 2917 429 2951 360
440 2917 461 2951 d
475 2918 576 2961 sqq.).

479 2976 507 3020 4)
534 2976 631 3009 Nihil
658 2979 784 3010 nostra
809 2977 973 3015 interest,
1001 2974 1247 3008 coniuderitne
1272 2972 1482 3007 Heraclides
1507 2971 1600 3005 hunc
1627 2971 1779 3005 Battum
1805 2981 1884 3005 cum
1910 2971 2051 3004 Arcesi-

366 3033 423 3068 lao
449 3038 628 3077 postremo
656 3034 877 3077 Cyrenarum
902 3044 996 3078 rege,
1023 3037 1065 3068 ut
1090 3034 1296 3076 suspicatus
1323 3034 1378 3066 est
1402 3030 1591 3065 Eduardus
1617 3029 1741 3072 Meyer
1764 3029 1868 3073 (PW.
1885 3028 2050 3072 111148).
