2180 3482
706 235 759 270 De
784 235 889 270 Batti
914 235 1038 270 fabula
1064 239 1239 279 spartana
1738 238 1819 278 113

247 341 386 383 Multa
438 342 554 392 sunt,
613 354 727 396 quae
782 340 826 382 in
879 341 962 383 hac
1013 340 1197 383 historia
1249 341 1500 394 offendant3
1558 341 1678 385 velut
1732 340 1818 382 sin-

130 411 282 466 gulare
316 413 382 454 est
413 410 588 453 fabulae
621 410 675 452 de
702 411 846 453 Thera
872 425 897 452 a
923 411 1084 466 Minyis
1112 412 1462 454 Lacedaemonio
1497 412 1609 454 duce
1642 410 1821 454 condita

130 481 244 523 adici
284 482 518 537 plerosque
555 480 730 535 Minyas
768 482 823 524 de
868 484 990 524 recto
1040 481 1195 524 itinere
1234 483 1288 524 ad
1334 497 1429 525 eam
1471 482 1699 537 regionem
1746 482 1820 524 de-

129 551 323 603 flexisse,
372 565 488 607 quae
533 554 691 606 postea
732 551 959 607 Triphylia
1004 552 1121 594 dicta
1169 556 1254 605 est;
1308 567 1422 609 quae
1470 567 1570 595 cum
1617 552 1820 594 instituto

131 621 356 678 scriptoris
401 624 618 677 pugnant,
674 621 749 677 qui
799 622 1103 665 demonstrare
1142 622 1187 664 111
1235 623 1381 665 01111110
1431 623 1594 666 habeat
1632 624 1821 665 Theram

129 692 414 748 praecipuam
447 692 670 748 quandam
703 691 796 735 sive
820 693 1271 735 Lacedaemoniorum
1306 693 1400 736 sive
1422 693 1671 748 Minyarum
1705 694 1820 736 colo-

130 762 249 805 niam
301 762 450 805 fuisse.
527 762 674 818 Atque
726 762 820 805 iure
872 763 1122 819 suspicatus
1175 778 1271 806 esse
1324 763 1502 807 videtur
1552 763 1822 806 Benedictus

130 833 262 875 Niese
278 833 304 885 ¹)
353 832 608 889 Triphyliae
662 833 829 875 colonis
883 848 983 875 cum
1031 834 1198 876 colonis
1246 835 1418 876 Therae
1464 833 1573 875 nihil
1620 833 1821 889 primitus

130 917 365 946 commune
397 903 650 946 interfuisse
682 917 830 960 neque
862 918 910 946 re
943 918 1048 947 vera
1080 918 1227 960 neque
1250 904 1293 945 111
1318 904 1490 946 fabulis.
1545 904 1656 947 Item
1680 905 1820 947 Phoe-

129 973 252 1017 nices
277 974 466 1016 insulam
490 975 679 1016 Theram
705 975 903 1017 tenuisse
929 975 1015 1016 iam
1038 989 1129 1016 non
1162 974 1395 1027 credimus,
1430 976 1665 1030 postquam
1687 975 1822 1017 Iulius

130 1044 339 1097 Beloch²)
380 1044 716 1096 demonstravit,
757 1059 890 1100 quam
929 1059 1072 1100 nuper
1110 1044 1169 1086 illi
1210 1059 1331 1087 mare
1372 1048 1571 1087 nostrum
1611 1044 1823 1100 navigare

131 1115 371 1171 coeperint.
437 1115 525 1158 Sed
557 1115 674 1156 aliud
707 1118 774 1157 est
804 1115 1000 1157 fabulam
1033 1115 1190 1158 inscite
1223 1115 1521 1170 excogitatam
1557 1129 1666 1167 esse,
1707 1116 1823 1158 aliud

131 1186 319 1229 eandem
353 1199 451 1228 esse
482 1187 722 1228 recentem.
778 1186 906 1227 Hanc
938 1200 1044 1228 vero
1079 1186 1372 1228 demonstrari
1395 1188 1544 1242 potest
1566 1188 1610 1229 et
1632 1187 1822 1229 Therae-

131 1270 256 1298 orum
290 1256 462 1298 colonia
494 1255 538 1297 in
570 1256 756 1310 Libyam
789 1256 980 1298 deducta
1013 1259 1056 1298 et
1095 1256 1261 1299 colonis
1294 1257 1571 1312 Cyrenarum
1603 1256 1824 1299 Thessalis

128 1326 421 1369 recentiorem
454 1340 563 1369 esse.

248 1396 341 1439 Nisi
380 1396 497 1440 enim
538 1397 611 1439 illa
643 1400 789 1440 aetate
833 1397 1104 1440 constitisset
1136 1398 1316 1440 Battum
1358 1399 1588 1441 theraeum
1623 1398 1824 1453 Cyrenas

131 1467 394 1519 condidisse,
427 1467 463 1509 is
487 1467 561 1523 qui
584 1467 700 1510 illam
722 1467 1022 1510 narrationem
1055 1468 1316 1524 composuit,
1351 1468 1446 1512 sine
1478 1469 1611 1511 dubio
1644 1469 1825 1512 fecisset

130 1553 221 1580 non
254 1538 375 1580 illum
409 1539 487 1581 sed
518 1538 663 1594 ipsum
693 1538 911 1581 (111-1111111111
944 1538 1037 1582 sive
1071 1539 1324 1595 quempiam
1358 1539 1490 1581 alium
1522 1554 1673 1595 regem
1702 1554 1823 1596 spar—

130 1612 237 1651 tana
268 1608 438 1664 origine
465 1612 609 1651 ortum
632 1608 677 1650 in
700 1609 885 1664 Libyam
918 1609 1144 1664 migrasse,
1183 1624 1274 1652 non
1306 1612 1397 1652 tam
1430 1610 1587 1654 inscite
1618 1610 1845 1654 finxisset'

132 1679 351 1722 Grinnum
385 1679 582 1735 auspicia
614 1679 764 1722 divina
803 1679 847 1721 in
881 1694 927 1722 se
961 1680 1119 1722 collata
1150 1681 1196 1721 in
1228 1682 1408 1722 Battum
1442 1681 1648 1724 comitem
1680 1684 1823 1724 trans-

130 1749 295 1793 tulisse.
352 1750 424 1802 At,
458 1750 618 1793 dixerit
651 1751 882 1807 quispiam,
924 1766 1002 1793 cur
1032 1766 1123 1793 non
1155 1751 1318 1794 licebat
1349 1752 1493 1809 ipsum
1526 1754 1707 1795 Battum
1739 1752 1823 1795 fin-

127 1834 235 1876 gere
267 1834 291 1863 e
324 1821 469 1863 Thera
501 1821 674 1863 ortum?
737 1821 879 1863 Huius
912 1821 974 1864 rei
1007 1822 1243 1877 explicatio
1277 1822 1380 1865 inde
1412 1837 1437 1864 a
1469 1823 1641 1865 duabus
1674 1823 1818 1866 causis

127 1891 271 1947 repeti
305 1894 470 1946 potest:
507 1895 581 1934 aut
609 1891 727 1934 enim
749 1891 899 1934 fabula
923 1896 1134 1948 spartana
1158 1893 1379 1936 recentior
1404 1896 1470 1936 est
1494 1908 1624 1949 quam
1650 1894 1821 1936 addita-

128 1965 281 2004 menta
321 1961 393 2004 illa
435 1961 529 2005 sive
563 1962 727 2004 cretica
753 1962 846 2006 sive
878 1962 1094 2014 insulana,
1137 1966 1285 2006 aetate
1322 1963 1395 2005 illa
1434 1963 1611 2020 quidem
1645 1965 1822 2006 demum

129 2032 388 2088 composita,
422 2047 523 2074 011111
547 2034 727 2074 Battum
760 2033 847 2075 iam
880 2036 1104 2076 constaret
1135 2036 1277 2076 matre
1304 2034 1495 2077 cretensi
1527 2036 1705 2088 natum3
1746 2037 1823 2077 aut

128 2102 357 2146 vetustior.
423 2103 469 2145 Si
509 2103 724 2146 vetustior
765 2107 844 2156 est,
888 2104 1009 2146 nulla
1041 2104 1125 2146 alia
1167 2105 1222 2147 de
1264 2119 1399 2147 causa
1431 2106 1562 2147 Batto
1605 2105 1822 2160 originem

130 2176 387 2229 spartanam
424 2173 620 2216 tribuere
659 2188 750 2216 non
781 2174 917 2226 licuit,
958 2174 1040 2216 nisi
1075 2176 1192 2230 quod
1226 2178 1452 2218 constaret
1484 2176 1627 2218 nullos
1660 2175 1768 2218 alios
1801 2190 1824 2219 e

129 2244 339 2286 Theraeis
382 2244 548 2286 colonis
587 2244 964 2287 Lacedaemonios
1005 2245 1142 2288 fuisse
1184 2245 1267 2287 nisi
1306 2247 1509 2298 Theram,
1559 2249 1603 2289 at
1634 2246 1823 2302 Minyas,

130 2315 261 2357 Batto
295 2329 401 2358 vero
433 2315 478 2356 in
512 2317 746 2358 stemmate
778 2315 899 2370 regio
933 2316 1079 2358 nullus
1112 2315 1198 2358 iam
1230 2316 1353 2358 locus
1386 2319 1651 2372 superesset.

247 2386 502 2441 Utcumque
523 2386 567 2427 id
591 2388 670 2437 est,
704 2386 790 2428 iam
813 2387 911 2428 luce
938 2386 1096 2428 clarius
1124 2389 1309 2442 apparet
1341 2386 1536 2429 fabulam
1569 2390 1823 2443 spartanam

250 2502 275 2546 ¹)
301 2503 421 2537 Herm.
442 2503 544 2537 XLII
562 2504 712 2545 458500.
753 2503 851 2537 Idem
869 2507 991 2538 utrum
1017 2507 1115 2538 recte
1140 2514 1252 2538 neone
1279 2505 1506 2539 contenderit
1530 2504 1631 2539 nulla
1656 2505 1730 2539 alia
1753 2505 1824 2540 for-

130 2565 228 2596 tasse
254 2562 297 2596 de
324 2572 435 2596 causa
460 2562 582 2605 potius
600 2562 744 2605 Minyas
763 2573 870 2603 quam
890 2562 1192 2597 Lacedaemonios
1219 2563 1263 2597 ad
1282 2563 1422 2597 Elidem
1449 2563 1588 2598 delatos
1615 2574 1690 2598 esse
1716 2575 1824 2606 quam

131 2621 223 2663 quod
248 2620 456 2664 Minyarum
487 2622 525 2654 in
556 2620 680 2655 fabula
710 2621 862 2655 theraea
894 2623 967 2655 iam
993 2624 1113 2656 certus
1139 2621 1238 2655 locus
1265 2625 1370 2665 esset,
1406 2625 1532 2657 nostra
1566 2633 1637 2656 non
1671 2624 1825 2657 interest

130 2679 339 2714 diiudicare.

248 2738 274 2782 9)
303 2738 414 2773 Cuius
440 2739 707 2781 disputationes
733 2739 847 2781 primo
875 2739 1093 2783 singillatim
1119 2740 1156 2772 in
1183 2739 1468 2782 ephemeridibus
1494 2739 1703 2783 publicatae
1729 2750 1824 2774 nunc

131 2796 304 2831 collectae
330 2800 416 2832 sunt
442 2797 582 2832 Griech.
603 2797 730 2832 Gesch.
751 2797 828 2839 122,
849 2798 976 2839 65500.
997 2798 1064 2831 245
1076 2808 1150 2839 sqq.
1201 2798 1399 2832 Phoenices
1425 2798 1590 2833 theraeos
1622 2802 1719 2832 recte
1751 2800 1824 2833 iam

130 2855 313 2889 iudicarat
339 2855 561 2891 Studniczka
593 2867 625 2899 p.
645 2857 689 2890 52
702 2867 776 2899 sqq.
826 2857 880 2890 De
912 2856 1039 2890 iisdem
1077 2856 1268 2891 subtiliora
1295 2867 1402 2898 quam
1440 2858 1582 2891 veriora
1620 2857 1824 2901 disputavit

130 2913 269 2948 Malten
295 2925 327 2957 p.
348 2915 501 2957 183500.
552 2915 607 2949 Ad
633 2915 853 2950 Phoenicum
890 2918 1013 2958 partes
1054 2915 1286 2958 explicandas
1320 2915 1401 2959 plus
1437 2926 1544 2957 quam
1575 2916 1682 2950 istius
1713 2918 1824 2951 ratio-

131 2973 333 3007 cinationes
367 2973 542 3008 Herodoti
576 2978 616 3008 et
642 2974 864 3017 Thucydidis
898 2975 1110 3008 testimonia
1145 2974 1279 3018 valent,
1316 2985 1334 3008 0
1360 2974 1489 3016 quibus
1523 2974 1641 3009 elucet
1666 2974 1824 3010 Graecos

130 3030 240 3075 vulgo
266 3031 331 3066 illa
356 3034 480 3066 aetate
506 3032 699 3067 credidisse
726 3036 811 3067 ante
838 3043 874 3067 se
900 3032 1097 3067 Phoenices
1123 3036 1203 3067 toto
1229 3034 1321 3067 mari
1347 3033 1550 3068 dominatos
1577 3043 1664 3068 esse.

209 3101 371 3135 pasquali,
391 3101 606 3135 Quaestiones
626 3101 872 3130 Callimacheae.
1591 3093 1613 3127 8
