2180 3482
784 247 837 281 De
863 247 1014 282 coloniis
1039 250 1223 290 spartanis
1769 249 1842 288 121

163 353 364 408 Cyrenas
392 352 578 408 Spartae
611 352 829 394 coloniam
860 352 1050 394 fuisse‘?“
1088 352 1173 404 Qui
1205 353 1266 395 ita
1299 353 1577 404 concluserit,
1612 352 1849 395 memoriae

161 424 324 466 tradita
357 423 437 465 sihi
471 421 596 478 sequi
628 422 862 474 videbitur,
899 436 991 464 non
1023 426 1246 478 sequetur.
1312 424 1436 475 Nam,
1470 424 1696 466 Herodoto
1730 425 1850 465 certe

162 494 197 536 si
230 493 461 545 credimus,
502 507 591 534 non
624 492 964 535 Lacedaemonii
997 492 1196 547 Cyrenas
1230 494 1523 536 condiderunt
1556 494 1632 536 sed
1665 493 1851 536 Theraei

161 563 613 606 Lacedaemoniorum
646 562 802 615 coloni,
844 564 1014 605 Therae
1054 577 1159 606 vero
1202 565 1431 607 vasculum
1470 564 1753 619 cyrenaicum
1785 563 1849 605 in-

162 637 345 677 ventum
399 636 465 676 est
517 634 660 675 adhuc
712 634 893 675 nullum.
958 634 1045 676 Sed
1098 634 1207 676 haec
1260 634 1532 686 omittamus;
1587 648 1851 689 quaeramus

162 707 318 746 contra
357 718 443 760 quo
483 703 577 746 iure
619 718 642 746 e
676 703 866 747 vasculis
906 718 1020 760 quae
1060 704 1295 759 cyrenaica
1328 704 1534 747 dicuntur
1567 704 1754 760 Spartae
1786 704 1850 745 in-

163 774 310 818 ventis
358 774 649 817 concludatur
694 774 893 829 Cyrenas
939 775 1390 817 Lacedaemoniorum
1436 775 1654 817 coloniam
1700 774 1849 817 fuisse.

161 844 319 887 Paucis
351 858 443 887 rem
477 859 701 900 exponere
734 845 820 887 iam
853 848 1039 901 oportet.

278 915 371 957 Iam
416 915 544 957 annis
593 917 815 957 1880-81
866 915 1177 958 Puchsteinius
1223 915 1444 968 (Archaol.
1472 915 1580 958 Zeit.
1609 916 1852 958 XXXVIII

165 987 369 1041 185sqq.‚
407 986 611 1028 XXXIX
637 988 721 1027 215
737 990 850 1042 sqq.)
897 985 1219 1029 demonstravit
1264 987 1335 1029 vel
1380 990 1500 1028 certe
1545 986 1627 1027 sibi
1671 987 1851 1028 demon-

161 1058 324 1098 strasse
362 1056 484 1099 visus
524 1059 590 1099 est
628 1070 771 1111 genus
813 1057 1037 1112 quoddam
1076 1057 1370 1107 vasculorum,
1413 1070 1526 1112 quae
1559 1056 1707 1099 omnia
1737 1056 1854 1098 inter

160 1140 208 1168 se
253 1127 490 1169 cohaerere
533 1126 620 1168 iam
662 1130 953 1182 perspexerat
993 1126 1210 1181 Georgius
1252 1127 1454 1168 Loschke
1501 1126 1561 1177 (in
1606 1126 1854 1182 appendice

161 1196 499 1252 programmatis
547 1196 847 1240 universitatis
892 1197 1171 1252 dorpatensis
1213 1211 1249 1238 a.
1285 1198 1395 1238 1879
1438 1197 1492 1239 de
1529 1196 1625 1238 basi
1663 1197 1853 1252 quadam

161 1269 403 1322 spartana),
453 1267 642 1322 Cyrenis
681 1270 725 1309 et
763 1267 918 1309 fictum
958 1270 1001 1309 et
1042 1266 1210 1323 pictum
1250 1281 1366 1320 esse3
1415 1282 1518 1309 nam
1556 1267 1703 1309 nullus
1744 1267 1853 1309 alius

159 1337 282 1379 locus
314 1336 391 1379 uni
424 1341 544 1380 certe
577 1351 632 1380 ex
672 1337 753 1379 illis
792 1338 908 1381 vasis
948 1337 1091 1393 aptior
1129 1337 1373 1393 excogitari
1411 1352 1542 1394 posse
1580 1337 1768 1390 videtur,
1808 1338 1853 1380 in

161 1421 248 1463 quo
281 1407 544 1459 Arcesilaus,
580 1407 855 1463 Cyrenarum
888 1408 1056 1450 scilicet
1086 1422 1180 1460 rex,
1215 1408 1392 1451 effictus
1425 1411 1505 1460 est,
1545 1409 1648 1450 dum
1682 1408 1852 1464 silphio,

160 1477 309 1520 frutici
331 1478 390 1520 illi
413 1478 591 1534 quidem
614 1478 809 1521 omnium
832 1478 1042 1521 fruticum
1066 1479 1401 1534 cyrenaicorum
1424 1478 1501 1520 uni
1523 1479 1852 1534 pretiosissimo,

160 1549 448 1605 ponderando
482 1548 578 1605 ipse
609 1549 792 1592 adsidet.
858 1549 1006 1601 Simia,
1048 1550 1278 1605 panthera,
1320 1550 1414 1593 avis
1447 1564 1579 1605 quam
1615 1551 1850 1602 „Marabu“

162 1619 328 1671 dicunt,
363 1619 567 1675 appictae
600 1620 855 1671 ostendunt,
891 1634 1023 1676 quam
1052 1620 1229 1675 penitus
1261 1620 1297 1661 is
1331 1620 1405 1676 qui
1437 1621 1667 1663 vasculum
1700 1616 1853 1676 depin'-

160 1690 239 1743 xit,
286 1690 679 1746 septentrionalem
716 1690 894 1733 Africae
932 1694 1103 1746 partem
1135 1690 1273 1741 norit;
1320 1690 1511 1734 vestium
1553 1705 1653 1733 cum
1685 1690 1854 1733 formae

160 1763 254 1803 tum
279 1761 324 1803 in
350 1760 502 1817 primis
526 1764 789 1804 ornamenta
810 1760 1083 1817 Aegyptium
1116 1761 1280 1817 aquuid
1312 1762 1512 1804 redolere
1544 1760 1764 1805 videntur.
1802 1787 1852 1791 —

161 1831 433 1874 Puchsteinii
466 1830 721 1887 opinionem
755 1831 1028 1887 argumentis
1059 1831 1182 1874 fulsit
1208 1831 1335 1875 novis
1359 1831 1633 1874 Studniczka
1657 1833 1855 1887 (Kyrene

165 1904 326 1958 1sqq.)‚
376 1916 561 1958 quorum
608 1904 760 1944 tamen
807 1917 946 1944 unum
993 1901 1127 1959 idque
1173 1902 1302 1945 facile
1347 1902 1633 1958 praecipuum
1676 1902 1762 1944 iam
1808 1902 1854 1944 in

160 1972 345 2014 nihilum
401 1972 609 2015 recidisse
663 1972 850 2015 videtur.
926 1973 1039 2015 Nam
1087 1973 1205 2029 quod
1258 1973 1303 2015 in
1355 1974 1514 2029 poculo
1563 1972 1851 2028 „cyrenaico“

161 2043 371 2085 Naucrati
403 2042 448 2084 in
471 2043 678 2099 Aegypto
712 2042 897 2087 invento
913 2043 941 2097 ¹)
976 2043 1120 2100 silphii
1142 2058 1312 2086 ramum
1347 2043 1584 2099 agnovisse
1618 2043 1699 2085 sibi
1731 2043 1853 2086 visus

162 2116 244 2165 est,
277 2113 321 2155 id
351 2114 508 2156 saltem
540 2113 751 2156 incertius
785 2117 852 2157 est
885 2129 1016 2170 quam
1050 2118 1099 2156 ut
1130 2114 1176 2156 in
1210 2128 1262 2157 ea
1294 2114 1504 2171 opinione
1537 2114 1854 2157 demonstratio

164 2184 344 2227 nitatur.
381 2210 432 2215 —-
469 2184 557 2227 Sed
580 2185 740 2227 talibus
763 2185 954 2228 vasculis
982 2185 1272 2241 sequentibus
1304 2185 1431 2228 annis
1454 2185 1539 2227 iam
1572 2184 1856 2227 multifariam

162 2254 358 2298 inventis
401 2254 583 2298 fuerunt
625 2255 700 2311 qui
739 2256 793 2298 de
834 2255 1003 2311 origine
1034 2256 1171 2298 totius
1204 2256 1381 2311 generis
1414 2256 1651 2311 cyrenensi
1683 2255 1854 2298 dubita-

161 2328 263 2368 rent
276 2324 321 2377 2),
355 2340 455 2368 cum
488 2325 749 2382 praesertim
770 2326 905 2381 Angli
926 2326 1079 2369 taIium
1108 2341 1313 2369 vasorum
1347 2327 1589 2369 maximum
1622 2340 1855 2368 numerum

164 2396 352 2452 Spartae
379 2395 654 2438 effodissent.
704 2395 821 2448 Quin
846 2396 976 2438 etiam
1000 2397 1222 2452 Droopius
1250 2397 1332 2439 sibi
1354 2397 1477 2440 visus
1500 2399 1566 2439 est
1599 2411 1622 2439 e
1655 2396 1856 2452 picturae

163 2480 329 2522 genere
381 2467 686 2508 demonstrare
742 2480 872 2522 posse
923 2467 1035 2510 haec
1085 2467 1267 2510 vascula
1318 2467 1506 2523 Spartae
1553 2470 1596 2509 et
1648 2466 1756 2508 ficta
1812 2469 1856 2508 et

162 2536 282 2593 picta
314 2550 428 2578 esse:
476 2536 556 2578 suh
590 2536 780 2579 vasculis
821 2536 937 2579 enim
974 2537 1273 2592 „cyrenaicis“
1309 2538 1490 2581 vascula
1527 2537 1712 2580 inventa
1744 2550 1854 2588 esse,

162 2621 277 2663 quae
300 2621 566 2663 quamquam
591 2606 694 2649 huic
711 2607 864 2662 generi
883 2607 1072 2649 adscribi
1093 2622 1183 2650 non
1202 2607 1386 2663 possint,
1410 2607 1469 2649 illi
1486 2610 1636 2650 tamen
1654 2607 1857 2663 proxima

281 2747 306 2792 ¹)
334 2748 553 2791 Expressum
580 2751 636 2782 est
663 2747 906 2782 Studniczkae
934 2748 1051 2790 operis
1077 2747 1207 2782 tabula
1235 2748 1288 2783 10.

279 2806 306 2851 Ω)
333 2807 558 2841 Testimonia
595 2807 637 2841 de
671 2806 778 2840 huius
812 2807 1036 2848 quaestionis
1069 2806 1222 2840 historia
1254 2806 1532 2850 diligentissime
1564 2806 1740 2840 indicavit
1766 2805 1856 2840 Mal-

160 2865 281 2899 tenius
306 2876 339 2908 p.
362 2865 439 2909 169,
467 2865 547 2900 adn.
568 2866 599 2899 2.
645 2865 713 2908 Qui
738 2868 862 2899 tamen
889 2865 931 2898 de
957 2864 1125 2899 Bohlauii
1151 2866 1317 2908 opinione
1343 2865 1437 2899 falsa
1462 2864 1519 2899 vel
1546 2869 1642 2899 certe
1667 2875 1738 2899 non
1764 2866 1855 2899 satis

162 2927 336 2958 accurata
372 2924 529 2958 rettulit.
580 2924 646 2958 Ille
681 2925 776 2957 enim
811 2923 902 2969 (Aus
933 2923 1118 2958 ionischen
1152 2923 1226 2958 und
1257 2923 1450 2958 italischen
1485 2923 1713 2967 Nekropolen
1741 2923 1854 2967 1315.)

161 2991 233 3015 non
258 2981 408 3016 vascula
442 2984 632 3025 cyrenaica
659 2982 704 3016 ad
729 2982 870 3016 Ioniam
895 2984 976 3025 ipsa
1001 2981 1157 3025 rettulit,
1191 2992 1315 3017 verum
1341 2981 1540 3017 affirmavit
1565 2982 1728 3017 artifices
1754 2992 1854 3025 cyre-

162 3049 272 3074 naeos
297 3040 343 3075 ab
369 3043 449 3074 arte
474 3042 594 3075 iom'ca
619 3041 784 3084 pendere.
