2180 3482
332 244 412 284 140
960 240 1014 274 De
1039 240 1173 275 fabulis
1197 241 1383 284 cyrenaeis

326 347 513 390 Theraei
552 346 669 388 enim
709 347 763 388 de
802 359 849 388 se
886 346 991 388 talia
1030 348 1189 402 sponte
1228 360 1320 388 non
1351 350 1621 389 narrassent..
1685 348 1783 389 Hoc
1816 347 2021 390 confiteri

328 431 379 460 eo
412 417 556 458 minus
584 415 851 468 dubitamus,
886 417 1004 472 quod
1028 420 1071 459 et
1093 416 1137 458 in
1161 416 1312 459 fabula
1334 417 1388 459 de
1411 418 1611 473 nympha
1634 417 1812 473 Cyrena
1834 417 2021 461 Theraei

326 501 383 530 ne
400 486 687 528 nominantur
707 486 884 542 quidem
905 490 949 529 et
965 487 1011 528 in
1032 486 1227 529 fabulam
1251 488 1306 530 de
1323 489 1454 530 Batto
1478 487 1523 529 in
1545 488 1691 530 locum
1710 488 2021 530 Thessalorum

326 557 579 613 interpolati
613 560 729 608 sunt,
762 560 812 599 ut
845 557 1172 600 demonstrasse
1205 558 1332 600 nobis
1366 558 1578 602 videmur.
1614 584 1668 588 —
1703 559 1791 601 Sed
1822 559 2022 600 nondum

327 630 513 679 constat,
548 631 696 669 utrum
727 628 839 670 haec
869 627 1021 670 fabula
1053 627 1428 684 peloponnesiaca
1461 629 1515 671 de
1543 629 1775 685 Euphemo
1808 629 2021 685 pelopon-

325 698 448 741 nesio
482 697 678 753 genuina
710 697 765 739 sit
798 713 855 740 an
887 698 984 754 ipsa
1015 699 1272 742 vetustioris
1304 698 1350 740 in
1382 699 1529 741 locum
1563 699 1814 742 substituta.

444 769 557 811 Nam
596 783 647 811 eo
687 768 833 811 minus
865 769 1076 812 Maltenio
1111 769 1330 812 credimus
1371 769 1444 811 illa
1483 783 1555 812 res
1588 769 1913 825 Cyrenensium
1946 785 2022 812 an-

326 838 594 895 tiquissimas
627 839 963 895 repraesentari,
999 840 1130 895 quod,
1165 839 1200 881 si
1232 853 1343 895 gens
1375 839 1612 882 thessalica
1644 854 1668 883 e
1699 841 2022 896 Peloponneso,

328 924 419 952 non
452 924 475 952 e
498 909 726 952 Thessalia
757 909 802 951 in
824 910 1012 965 Libyam
1043 910 1263 966 migravit,
1298 925 1376 952 cur
1408 911 1585 953 demum
1617 925 1733 953 unus
1764 911 2024 967 Euphemus

327 980 371 1022 in
394 980 554 1023 fabulis
576 981 800 1023 habitasse
823 981 869 1022 in
886 981 1195 1037 Peloponneso
1219 981 1392 1034 dicitur,
1416 995 1507 1024 non
1525 981 1631 1024 item
1648 981 1833 1038 reliqui?
1857 981 2026 1024 Contra

328 1051 363 1094 si
396 1051 630 1107 opinamur
669 1054 789 1105 (nam
828 1051 873 1094 in
907 1052 1163 1108 opinatione
1195 1066 1266 1095 res
1299 1053 1443 1094 adhuc
1475 1051 1726 1095 necessario
1759 1051 1906 1108 posita
1939 1053 2023 1106 est)

329 1122 471 1178 primo
504 1123 684 1165 heroem
712 1123 955 1166 thessalum
977 1124 1259 1179 Euphemum
1291 1123 1467 1178 glebam
1497 1122 1724 1179 accepisse
1756 1123 2026 1178 domumque

330 1196 549 1248 portasse,
589 1193 718 1236 facile
757 1208 936 1236 causam
974 1193 1180 1236 idoneam
1222 1193 1493 1244 invenimus,
1537 1208 1614 1236 cur
1654 1193 1726 1236 ille
1771 1192 2022 1249 aliquando,

328 1262 518 1306 fortasse
540 1267 634 1305 tum
659 1265 835 1306 demum
865 1278 965 1306 cum
998 1264 1167 1306 narrari
1201 1267 1409 1320 coeptum
1443 1267 1560 1307 esset
1592 1264 1769 1319 glebam
1792 1264 2025 1306 custodum

329 1334 617 1389 neglegentia
648 1335 692 1376 in
726 1349 847 1377 mare
881 1335 1106 1391 delapsam
1139 1335 1353 1378 adversus
1385 1333 1478 1376 fata
1509 1335 1700 1377 Theram
1738 1333 1928 1383 venisse,
1972 1334 2027 1376 de

330 1404 516 1447 Graecia
549 1405 887 1460 septentrionali
918 1406 964 1447 in
997 1406 1357 1461 Peloponnesum
1389 1405 1631 1447 translatus
1663 1405 1731 1446 sit.
1795 1404 1909 1446 Nam
1940 1404 2027 1446 iam

330 1475 436 1517 satis
469 1475 652 1531 antiqua
684 1479 832 1518 aetate
854 1476 1075 1532 Euphemi
1107 1490 1272 1518 nomen
1300 1479 1344 1518 et
1369 1476 1523 1532 religio
1546 1476 1650 1518 illuc
1671 1476 1887 1518 translata
1909 1478 2025 1527 sunt,

330 1545 406 1588 ubi
429 1546 532 1588 Orci
554 1549 710 1602 portae
740 1561 837 1589 esse
870 1547 1178 1598 credebantur,
1211 1561 1316 1588 nam
1338 1546 1575 1602 religiones
1608 1547 1662 1588 ab
1696 1546 1780 1588 alia
1812 1547 1867 1588 ad
1899 1545 2028 1588 aliam

330 1620 511 1672 gentem
544 1617 735 1672 migrare
768 1618 925 1669 solent,
959 1632 1050 1660 non
1083 1620 1243 1673 gentes
1275 1620 1462 1660 tantum.
1517 1618 1791 1660 Troezenem
1824 1631 1880 1659 ex
1913 1616 2027 1659 Orco

330 1687 462 1730 Liber
501 1688 733 1740 Semelam,
773 1688 989 1731 Hercules
1029 1688 1271 1731 Cerberum
1310 1691 1513 1744 portasse
1550 1688 1848 1730 narrabantur
1881 1687 2026 1744 (Paus.

329 1758 370 1799 Il
388 1761 457 1811 31,
477 1761 540 1814 2);
570 1760 790 1802 Homerus
815 1761 874 1810 (B
891 1762 992 1812 846)
1022 1759 1127 1802 dicit
1149 1760 1431 1815 Euphemum
1456 1758 1644 1802 Cicones
1672 1758 1865 1810 duxisse,
1887 1757 2028 1799 filium

331 1829 577 1882 Troezenii,
611 1830 851 1873 Troezenis
883 1830 1051 1873 scilicet
1085 1829 1307 1886 eponymi.
1368 1829 1540 1872 Pariter
1570 1829 1616 1871 in
1649 1830 1849 1872 Taenaro
1883 1828 2029 1871 aditus

330 1900 385 1941 ad
418 1899 583 1942 inferos
611 1901 931 1954 collocabatur3
968 1915 1019 1943 ea
1050 1901 1184 1956 igitur
1217 1902 1271 1943 de
1305 1915 1439 1943 causa
1460 1901 1720 1956 Euphemus
1751 1900 1855 1942 illuc
1886 1902 2028 1941 trans-

330 1970 444 2012 latus
488 1974 566 2013 est.
630 1971 779 2028 Atque
819 1971 982 2015 idcirco
1026 1975 1381 2014 consentaneum
1421 1975 1485 2014 est
1521 1970 1777 2026 Cyrenaeos
1809 1969 2029 2026 Euphemi

332 2041 531 2084 Thessali
564 2041 722 2084 oblitos
756 2057 866 2094 esse,
900 2042 1165 2085 Taenarium
1197 2042 1243 2083 in
1277 2042 1371 2084 eius
1403 2043 1549 2084 locum
1583 2041 1876 2093 substituisse,
1911 2041 2029 2096 quod

331 2112 552 2168 Euphemi
583 2113 735 2168 religio
763 2113 1001 2155 thessalica
1033 2116 1290 2165 evanuerat,
1326 2113 1700 2168 peloponnesiaca
1723 2113 1854 2154 aucta
1877 2114 1971 2153 erat
1985 2111 2026 2165 ¹).

331 2182 400 2225 De
423 2183 607 2225 Boeotia
629 2183 792 2226 idcirco
816 2198 908 2226 non
939 2198 1119 2239 prorsus
1152 2183 1371 2226 removeri
1398 2183 1555 2239 potuit,
1590 2183 1708 2238 quod
1731 2182 1919 2224 fortasse
1941 2181 2027 2223 iam

332 2253 553 2296 Hesiodus
580 2254 700 2296 illum
723 2255 941 2297 Boeotum
964 2254 1149 2297 dixerat.
1184 2254 1296 2296 Nam
1320 2254 1563 2296 Hesiodum
1585 2254 1705 2295 illum
1728 2252 1774 2294 in
1795 2253 2026 2308 Argonau-

333 2326 476 2365 tarum
501 2338 685 2367 numero
711 2339 1082 2367 commemorasse
1106 2325 1248 2368 elucet
1269 2338 1292 2367 e
1309 2324 1465 2379 fragm.
1490 2326 1590 2367 143:
1616 2323 1722 2380 quid
1745 2325 1893 2366 autem
1916 2323 2029 2367 veri-

334 2394 516 2436 similius
540 2409 671 2451 quam
695 2399 873 2451 poetam
896 2396 1103 2438 boeotum
1129 2395 1251 2437 illum
1273 2394 1421 2451 potius
1443 2396 1662 2438 Boeotum
1686 2409 1819 2451 quam
1842 2395 2029 2436 Thessa-

332 2465 421 2507 lum
462 2465 638 2517 dixisse,
683 2480 783 2508 cum
816 2466 1077 2522 praesertim
1109 2466 1180 2509 ille
1211 2466 1400 2508 fortasse
1441 2465 1528 2508 iam
1568 2480 1668 2508 cum
1706 2466 1886 2520 Europa
1925 2478 2028 2506 con-

333 2535 510 2578 iunctus
558 2537 703 2579 esset?
765 2537 834 2579 Ad
883 2536 1098 2592 originem
1143 2536 1389 2579 taenariam
1437 2535 1746 2578 stabiliendam
1788 2535 2030 2578 accedebat

335 2607 453 2662 quod
485 2607 952 2660 Lacedaemoniorum,
1000 2623 1087 2664 qua
1131 2610 1278 2650 aetate
1322 2607 1409 2659 iam
1450 2608 1700 2650 Taenarum
1747 2606 2028 2657 obtinebant,

336 2677 528 2720 maxime
560 2678 773 2721 intererat
807 2679 1064 2734 Cyrenaeos
1098 2692 1145 2721 se
1177 2679 1231 2721 de
1255 2678 1449 2720 Laconia
1479 2681 1723 2733 prognatos
1757 2676 2029 2728 existimare3

337 2748 442 2803 quid
491 2749 624 2804 igitur
671 2749 949 2792 verisimilius
998 2753 1065 2792 est
1114 2764 1247 2806 quam
1295 2749 1390 2791 illos
1440 2748 1543 2790 huic
1591 2747 1789 2803 opinioni
1835 2747 2029 2790 favisse?

335 2819 464 2861 Hanc
497 2820 743 2862 doctrinam
777 2820 812 2862 si
850 2834 1101 2877 sequemur,
1143 2820 1230 2862 iam
1273 2819 1510 2861 similitudo
1551 2819 1711 2862 evadet
1750 2818 1867 2860 inter
1903 2817 2029 2860 fabu-

455 2927 480 2970 1)
507 2926 606 2960 Nihil
632 2927 812 2971 intererit,
839 2927 870 2960 si
897 2926 1018 2961 credes
1044 2937 1173 2961 nomen
1199 2925 1282 2960 Orci
1307 2924 1532 2968 Euphemum
1559 2935 1630 2958 non
1654 2926 1718 2958 uni
1743 2925 1846 2968 genti
1877 2933 2031 2967 graecae

336 2986 519 3027 proprium
546 2986 606 3020 sed
632 2985 758 3019 multis
786 2995 982 3019 commune.
1025 2985 1118 3019 Tum
1144 2983 1424 3019 existimandum
1444 2983 1514 3016 erit
1533 2983 1759 3025 Euphemum
1783 2982 1824 3015 de
1843 2981 2032 3016 Thessalia

335 3044 374 3077 in
399 3043 553 3087 Libyam
577 3045 730 3088 venisse,
760 3044 963 3087 Cyrenaeos
989 3043 1202 3078 Thessalum
1227 3046 1355 3086 postea
1382 3052 1462 3076 cum
1488 3041 1666 3076 Taenario
1695 3040 1907 3076 confudisse.
