2180 3482
525 224 578 257 De
603 223 745 257 Rhiano
772 226 810 256 et
835 221 1065 256 Callimacho.
1116 222 1169 255 De
1195 233 1252 255 vv.
1273 222 1409 255 49—51
1759 223 1813 261 25

126 345 240 372 unus
278 332 423 385 poeta,
472 331 590 371 esset
626 327 726 370 licet
766 327 1044 379 clarissimus,
1093 326 1206 368 illius
1244 326 1287 367 in
1330 329 1587 368 transcursu
1628 325 1814 368 mentio-

126 414 228 443 nem
275 399 465 442 fecisset.
534 399 692 454 Itaque
732 398 1010 453 Amphrysus
1060 397 1144 439 iam
1192 397 1236 438 in
1285 397 1480 439 carmine
1526 397 1580 439 de
1626 396 1814 438 Admeto

127 472 493 513 commemoratus
528 472 634 520 erat,
681 469 799 524 quod
832 471 875 510 et
908 468 1202 509 Callimachus
1248 467 1445 522 sequitur
1484 470 1525 509 et
1572 469 1671 522 post
1715 480 1813 508 eum

126 540 263 592 multi,
296 541 453 582 horum
476 538 806 594 antiquissimus
831 538 1052 592 Vergilius
1085 537 1263 592 (Georg.
1288 538 1351 579 III
1375 540 1431 589 2),
1466 537 1540 593 qui
1566 537 1815 593 Apollinem

126 610 352 654 invocavit
389 611 651 653 memorande
684 643 691 651 .
718 643 726 651 .
753 647 760 655 .
793 616 941 665 pastor
981 612 1031 652 ab
1064 610 1317 665 Amphryso,
1357 611 1449 649 tam
1480 611 1587 650 nota
1620 611 1713 650 erat
1745 607 1817 649 illa

126 680 334 732 fabella¹).

242 750 297 794 49
345 750 472 802 Quod
505 750 661 806 Apollo
694 751 931 792 Admetum
971 751 1145 806 ἠίθεον,
1193 749 1539 800 adulescentem,
1589 748 1815 800 caelibem,

126 821 290 864 scilicet
324 824 429 864 ante
466 820 644 876 nuptias
677 835 777 863 cum
807 820 1031 863 Alcestide
1065 834 1236 862 amasse
1269 819 1440 871 dicitur,
1481 818 1816 862 alexandrinum

128 891 277 934 nescio
312 891 415 947 quid
443 891 514 933 illa
544 906 631 934 vox
661 891 846 933 redolet:
882 891 1099 933 succurrit
1120 890 1225 932 illud
1248 890 1527 932 horatianum
1554 891 1607 943 (c.
1631 891 1666 940 I,
1684 891 1725 941 4,
1749 891 1815 940 19)

125 978 198 1005 nec
220 969 403 1005 tenerum
425 963 629 1018 Lycidam
651 965 864 1015 mirabere,
900 978 980 1018 quo
1003 965 1106 1005 calet
1130 965 1320 1004 iuventus
1351 977 1462 1003 mmo
1494 963 1625 1003 omnis
1658 967 1693 1002 et
1723 976 1819 1002 mox

127 1035 305 1089 vlryines
338 1034 537 1089 tepebunt.
574 1058 626 1062 —
662 1032 716 1076 50
749 1035 988 1088 βουβόσιον
1020 1033 1154 1074 boum
1187 1034 1389 1074 armenta
1422 1030 1662 1086 significat:
1707 1044 1817 1073 voce

127 1103 323 1146 eiusdem
356 1102 524 1145 formae
557 1106 770 1159 συβόσιον
802 1103 1022 1145 Homerus
1063 1103 1124 1145 ita
1165 1102 1315 1154 utitur,
1362 1106 1410 1144 ut
1452 1101 1597 1158 potius
1636 1115 1817 1156 gregem

126 1173 300 1216 suillum
342 1188 473 1226 quam
506 1174 658 1216 haram
690 1173 856 1216 indicet
887 1174 927 1216 A
950 1176 1033 1215 677
1057 1188 1152 1230 sqq.
1186 1174 1318 1230 ληΐδα
1351 1172 1388 1215 ‹5'
1421 1175 1469 1215 ἐκ
1501 1174 1658 1215 πεὸίου
1692 1188 1815 1215 συνε-

125 1245 351 1298 λάσσαμεν
374 1246 512 1300 ἤλιθα
534 1246 722 1300 πολλὴν,
755 1248 1036 1300 πεντήκοντα
1059 1247 1182 1300 βοῶν
1205 1245 1379 1300 ἀγέλας,
1412 1247 1519 1286 τόσα
1542 1246 1670 1286 πώεα
1694 1246 1816 1294 οἰῶν,

125 1316 266 1357 τόσσα
299 1321 421 1358 συῶν
455 1317 657 1371 συβόσια,
690 1317 781 1359 τόσ’
813 1317 998 1358 αἰπόλια
1021 1317 1176 1358 πλατέ’
1199 1319 1341 1370 αἰγῶν
1354 1314 1398 1369 2),
1434 1319 1600 1366 ἵππους
1633 1315 1681 1356 ὁὲ
1713 1313 1816 1367 ξαν-

126 1387 215 1439 θὰς
263 1387 423 1428 ἑκατὸν
470 1388 543 1428 καὶ
590 1389 882 1442 πεντήκοντα.
962 1386 1049 1429 Ubi
1097 1400 1121 1429 e
1167 1385 1361 1428 numeris
1414 1384 1626 1441 appositis
1674 1385 1818 1427 adhuc

125 1459 323 1512 apparet,
364 1471 452 1512 qua
483 1456 654 1499 ratione
686 1457 792 1499 illud
824 1457 1091 1500 vocabulum
1124 1471 1180 1500 ex
1214 1457 1352 1499 altera
1384 1456 1428 1498 in
1463 1456 1646 1498 alteram
1680 1455 1813 1510 signi-

126 1526 382 1569 ficationem
419 1527 662 1570 transierit:
720 1541 867 1583 neque
907 1527 1023 1570 enim
1065 1527 1251 1584 quodvis
1298 1530 1546 1570 armentum
1594 1526 1665 1568 illa
1708 1540 1818 1569 voce

128 1597 348 1639 indicatur
380 1598 458 1640 sed
490 1601 638 1640 certus
670 1612 903 1654 porcorum
926 1611 1150 1650 numerus,
1185 1598 1260 1654 qui
1282 1613 1372 1640 una
1394 1599 1500 1640 hara
1523 1597 1837 1640 contineatur*

128 1668 232 1710 Illae
264 1667 397 1723 igitur
430 1668 833 1724 interpretationes,
883 1683 997 1725 quae
1029 1668 1183 1711 lexicis
1216 1669 1484 1712 exhibentur
1516 1670 1732 1724 (συβόσια
1765 1669 1819 1711 τὰ

126 1745 217 1782 τῶν
249 1743 344 1782 ὑῶν
376 1742 543 1794 νόμιμα
571 1741 717 1795 Etym.
742 1741 819 1793 M.;
855 1743 1054 1797 συβόσια·
1100 1743 1321 1797 συφόρβια
1339 1740 1554 1795 Hesych.;
1596 1742 1817 1796 συβόσιον·

126 1811 175 1852 τὸ
206 1813 548 1866 χοιροφορβεῖον
582 1810 735 1863 Suid.),
780 1811 971 1867 quadam
1004 1813 1125 1853 certe
1157 1811 1328 1853 ratione
1365 1810 1424 1851 illi
1465 1811 1561 1852 loco
1594 1809 1817 1852 homerico

127 1883 258 1936 aptae
285 1884 409 1933 sunt;
438 1884 645 1937 συβόσιον
669 1884 917 1924 armentum
940 1881 1234 1924 Callimachus
1256 1880 1486 1933 intellexit,
1511 1880 1726 1936 siquidem
1749 1879 1820 1921 hic

127 1951 282 1993 eodem
322 1965 454 1994 sensu
493 1955 732 2008 βουβόσιον
773 1951 960 2008 scripsit,
1009 1966 1097 2008 qua
1137 1966 1249 1995 voce
1280 1952 1442 1994 Aratus
1482 1966 1648 2007 pascua
1684 1951 1817 1993 boum

126 2024 301 2064 notarat
334 2026 390 2073 (v.
426 2024 536 2064 1120
566 2024 786 2077 λειμῶνος
821 2055 828 2063 .
855 2057 862 2064 .
889 2056 897 2065 .
931 2026 1006 2066 καὶ
1037 2026 1321 2080 βουβοσίοιο).
1358 2048 1410 2052 —
1447 2021 1495 2066 51
1534 2022 1701 2065 Vocem
1725 2024 1817 2064 ἐπι-

125 2094 322 2148 μηλάόες
358 2092 455 2148 ipsa
492 2093 615 2136 varia
645 2093 775 2136 lectio
808 2096 972 2146 tuetur,
1017 2108 1150 2150 quam
1183 2093 1349 2136 scholia
1379 2093 1598 2149 praebent
1629 2108 1817 2148 μενεμη-

125 2163 269 2218 λάὸες,
315 2163 359 2205 in
399 2178 488 2219 qua
524 2163 611 2206 iam
649 2164 886 2206 Mauricius
927 2164 1140 2217 Schmidt,
1187 2164 1400 2220 Hesychii
1438 2164 1586 2219 glossa
1624 2162 1819 2205 adhibita

127 2247 241 2289 quae
281 2237 348 2277 est
392 2235 651 2291 ἐμμηλοίόας
695 2239 836 2291 αἶγας·
882 2238 961 2288 τὰς
997 2238 1108 2290 μετὰ
1147 2241 1239 2279 τῶν
1281 2238 1525 2292 προβάτων
1566 2236 1818 2289 νεμομένας

129 2307 390 2360 (γενομένας
423 2305 597 2360 codex),
640 2305 746 2348 illud
788 2308 1046 2363 ἐμμηλάὸας
1088 2305 1291 2362 agnovit3
1341 2320 1455 2362 quae
1493 2308 1643 2348 tamen
1685 2319 1819 2349 voces

128 2389 229 2417 cum
277 2390 382 2418 casu
430 2376 685 2420 accusativo
732 2391 824 2419 non
868 2380 990 2420 recto
1030 2377 1200 2433 positae
1248 2376 1349 2429 sint,
1398 2376 1542 2419 minus
1584 2375 1820 2420 verisimile

245 2505 271 2550 1)
300 2506 526 2540 Testimonia
558 2505 705 2551 collegit
730 2507 962 2542 Wernickius
988 2506 1076 2541 PW.
1096 2507 1114 2541 I
1131 2506 1210 2541 878.
1261 2507 1544 2550 Opportunitate
1577 2507 1664 2541 data
1695 2516 1819 2540 moneo

126 2564 289 2599 Servium
307 2565 352 2599 ad
372 2565 465 2600 hunc
482 2575 625 2600 versum
644 2565 818 2600 scholium
842 2567 879 2599 in
905 2566 998 2600 hunc
1018 2565 1230 2600 Callimachi
1248 2565 1374 2609 locum,
1402 2577 1507 2608 quem
1525 2567 1817 2609 interpretamur,

126 2624 162 2657 in
189 2634 292 2658 suum
323 2635 427 2658 usum
460 2625 696 2659 convertisse:
730 2625 858 2660 scribit
884 2626 995 2659 enim:
1023 2626 1282 2669 Amphrysus
1314 2627 1468 2669 fluvius
1493 2628 1551 2660 est
1580 2625 1818 2665 Thessaliae,

128 2684 238 2717 circa
265 2694 380 2727 quem
406 2684 554 2727 Apollo,
581 2686 778 2727 spoliatus
804 2686 1018 2719 divinitate
1051 2685 1094 2719 ob
1125 2686 1270 2719 occisos
1299 2685 1498 2728 Cyclopas,
1531 2684 1692 2718 Admeti
1716 2685 1819 2727 reyis

120 2744 286 2785 pavisse
317 2746 505 2778 armenta
536 2744 709 2778 dicitur:
740 2745 846 2778 unde
877 2754 968 2778 eum
1001 2754 1110 2778 nunc
1144 2745 1320 2785 invocat;
1352 2746 1422 2787 qui
1452 2744 1624 2778 Nomius
1654 2745 1819 2776 vocatur

125 2802 184 2835 vel
209 2802 283 2835 ἀπὸ
309 2805 373 2845 τῆς
397 2806 529 2847 νομῆς,
557 2803 601 2836 id
625 2805 683 2837 est
709 2813 734 2837 a
753 2805 936 2846 pascuis,
963 2804 1021 2837 vel
1045 2804 1119 2836 ἀπὸ
1146 2806 1219 2836 τῶν
1245 2805 1386 2848 νόμων,
1414 2804 1458 2837 z'cl
1481 2805 1539 2837 est
1564 2813 1590 2836 a
1612 2803 1691 2844 lesse
1709 2801 1818 2835 chor-

128 2860 297 2902 darum;
322 2864 362 2894 at
386 2861 537 2895 Nomius
563 2871 585 2895 a
612 2861 773 2905 Vergilio
800 2872 871 2895 non
897 2864 1127 2895 memoratur.
1165 2861 1311 2896 Pariter
1336 2872 1461 2895 moneo
1479 2861 1637 2895 Probum
1663 2860 1707 2894 ad
1725 2859 1819 2893 hunc

126 2917 244 2960 ipsum
269 2918 396 2961 locum,
433 2929 513 2953 cum
539 2919 732 2954 Admetum
757 2920 993 2954 Molossorum
1029 2930 1150 2964 regem
1182 2921 1328 2963 diceret,
1366 2930 1445 2954 cum
1471 2920 1623 2954 Admeto
1650 2918 1711 2953 illo
1738 2929 1818 2952 eum

128 2976 341 3020 confudisse,
368 2979 429 3020 qui
455 2977 734 3013 Themistoclem
758 2979 915 3022 hospitio
942 2980 1094 3022 excepit.

245 3035 272 3079 ²)
300 3035 368 3078 Qui
393 3046 536 3071 versum
562 3038 583 3080 ξ
610 3037 675 3071 101
702 3039 858 3081 scripsit,
885 3038 979 3072 hunc
1003 3037 1129 3072 Iliadis
1153 3048 1296 3073 versum
1323 3042 1408 3072 ante
1434 3037 1554 3074 oculos
1579 3038 1717 3074 habuit.
