2180 3482
688 230 741 265 De
767 231 1131 266 Lacedaemoniorum
1158 232 1306 267 coloniis
1764 235 1842 275 117

155 340 274 379 certo
316 337 478 388 habeo,
519 336 554 377 si
598 336 938 379 Lacedaemonii
969 336 1142 379 incolae
1180 338 1299 379 urbis
1333 338 1530 381 Graecae
1569 338 1699 381 Cnidi
1731 338 1842 380 anti-

155 406 353 462 quissimi
369 406 570 458 fuissent,
593 420 824 462 nunquam
843 420 942 449 eum
962 407 1036 462 qui
1054 407 1225 449 fabulas
1245 407 1355 450 illius
1379 408 1570 451 civitatis
1597 408 1842 464 composuit

154 477 225 520 vel
258 477 302 518 in
335 476 534 519 ordinem
566 476 751 530 redegit,
786 476 867 518 illis
901 478 1136 520 Thessalos
1169 482 1243 520 aut
1266 478 1456 533 Argivos
1490 478 1615 534 quasi
1648 479 1843 520 aemulos

154 547 404 589 additurum
437 546 585 589 fuisse.
651 546 838 598 Quando
874 547 990 589 enini
1024 547 1125 590 inde
1159 563 1184 590 a
1223 550 1398 591 saeculo
1432 550 1543 600 VII.‚
1584 564 1670 604 quo
1709 549 1843 591 Lace-

154 617 373 660 daemonii
407 618 623 660 excellere
656 621 912 673 coeperunt,
959 619 1157 661 Thessali
1196 621 1272 660 aut
1303 619 1455 674 Argivi
1488 622 1614 660 tanta
1646 618 1845 673 potentia

153 688 413 739 floruerunt,
459 690 507 729 ut
541 687 708 729 Cnidiis
754 689 985 743 prodesset
1030 703 1179 731 eorum
1227 690 1406 732 colonos
1448 688 1593 731 credi?
1656 689 1705 730 Id
1738 703 1843 732 vero

154 759 271 813 quod
304 761 459 813 postea
491 757 672 813 adiungi
704 773 795 800 non
827 758 985 814 potuit,
1020 773 1204 802 necesse
1237 763 1301 802 est
1335 759 1437 802 inde
1464 760 1519 801 ab
1546 758 1670 800 initio
1693 758 1842 800 fuisse.

271 829 422 870 Paullo
447 828 622 871 diversa
649 832 716 871 est
738 829 967 871 Meliorum
1001 829 1214 871 condicio.
1270 829 1355 881 Qui
1379 844 1425 872 se
1448 830 1499 872 V.
1525 832 1645 872 certe
1668 830 1843 871 saeculo

154 899 341 955 Spartae
374 900 554 941 colonos
594 899 779 955 professi
819 903 935 951 sunt,
975 902 1024 941 ut
1056 901 1308 942 Herodotus
1342 900 1558 954 (V11148)
1593 903 1636 942 et
1668 900 1843 954 Thucy-

153 969 276 1012 dides
309 970 365 1022 (V
389 972 462 1024 84)
495 972 734 1021 testantur3
775 971 830 1012 (le
862 984 909 1012 se
943 973 1097 1012 contra
1128 974 1204 1012 aut
1237 970 1401 1012 nullam
1434 970 1611 1012 omnino
1650 969 1844 1012 fabulam

153 1043 402 1091 narrarunt,
437 1044 511 1082 aut
544 1041 677 1083 talem
711 1054 734 1083 e
768 1055 855 1096 qua
887 1041 1263 1083 demonstraretur
1296 1041 1475 1082 colonos
1510 1039 1716 1095 pristinos
1753 1053 1844 1081 non

153 1109 289 1153 fuisse
311 1110 688 1153 Lacedaemonios
704 1110 745 1164 l).
800 1110 944 1153 Testis
976 1110 1106 1152 huius
1138 1110 1404 1166 praecipuus
1436 1110 1565 1152 nobis
1598 1112 1665 1152 est
1688 1109 1845 1152 Conon

153 1181 301 1234 (Photi
341 1181 460 1236 bybl.
501 1183 595 1233 137,
628 1183 678 1222 16
720 1181 900 1234 Bekk.)‚
944 1180 1019 1236 qui
1059 1181 1170 1223 haec
1210 1180 1303 1223 fere
1344 1184 1514 1222 narrat:
1558 1180 1845 1223 Philonomus

154 1251 377 1307 Spartiata
400 1252 587 1307 Spartae
608 1251 802 1293 Doribus
836 1251 1036 1307 proditae
1066 1251 1547 1306 mercedem-Amyclas
1580 1250 1766 1307 accepit,
1799 1250 1844 1292 in

152 1322 268 1364 hanc
289 1322 445 1364 urbem
464 1322 643 1364 colonos
661 1321 848 1364 Imbrios
867 1325 910 1364 et
928 1321 1136 1364 Lemnios
1159 1322 1355 1365 deduxit.
1390 1322 1497 1363 Eius
1519 1324 1720 1377 nepotes,
1745 1336 1845 1363 cum

153 1391 241 1434 iam
280 1407 304 1434 a
335 1392 529 1434 Doribus
563 1392 842 1444 dissiderent,
875 1392 1029 1448 paucis
1062 1392 1295 1448 Spartiatis
1329 1392 1562 1444 adiunctis,
1603 1391 1769 1434 Pollide
1802 1394 1846 1434 et

152 1462 327 1518 Delpho
361 1462 560 1515 ducibus,
599 1462 789 1518 migrare
829 1462 1170 1505 constituerunt.
1234 1463 1342 1504 Pars
1374 1463 1538 1505 Melum
1577 1462 1846 1518 appulerunt

151 1535 225 1576 καὶ
263 1535 312 1576 τὸ
353 1539 444 1576 τῶν
476 1534 697 1589 Μηλιέων
735 1535 863 1588 γένος
901 1534 1092 1576 ἐνθένδε
1131 1534 1317 1587 (ἐνθάδε
1348 1532 1553 1575 traditur:
1589 1547 1698 1575 corr.
1723 1533 1844 1587 Hey—

151 1603 268 1657 nius)
317 1607 554 1646 οἰκειοῦται
595 1606 908 1659 Σπαρτιάταις,
973 1604 1080 1645 Pars
1126 1604 1181 1645 ad
1225 1602 1403 1645 Cretam
1447 1603 1730 1658 navigarunt,
1771 1602 1846 1644 ubi

155 1673 403 1729 Gortynam
435 1688 525 1716 una
557 1688 658 1716 cum
691 1673 907 1729 perioecis
931 1673 1220 1716 Cretensibus
1252 1673 1523 1719 habitarunt,
1548 1699 1602 1703 —
1627 1672 1713 1725 Qui
1734 1673 1845 1715 haec

154 1743 344 1800 scripsit,
379 1744 561 1787 credidit
594 1758 687 1786 non
713 1744 1089 1787 Lacedaemonios
1115 1744 1278 1786 Melum
1312 1744 1475 1803 primos
1497 1743 1734 1795 habitasse,
1768 1744 1845 1786 sed

155 1817 382 1858 catervam
416 1829 471 1857 ex
503 1814 675 1857 Imbriis
699 1818 743 1858 et
765 1814 957 1858 Lemniis
981 1829 1080 1857 cum
1103 1814 1256 1871 paucis
1278 1814 1639 1857 Lacedaemoniis
1662 1814 1846 1856 mixtam

152 1885 256 1929 Meli
304 1885 542 1928 conubium
600 1891 643 1928 et
685 1885 999 1928 commercium
1044 1900 1144 1928 cum
1182 1885 1377 1941 pristinis
1416 1885 1571 1927 incolis
1609 1884 1843 1941 pepigisse.

153 1956 385 2008 Quomodo
420 1956 536 1999 enim
570 1956 675 1998 illud
711 1960 948 2000 οἰκειοῦται
980 1958 1285 2013 Σπαρτιάταις
1324 1956 1409 1998 dici
1448 1955 1606 2012 potuit,
1646 1955 1730 1997 nisi
1768 1970 1844 2011 po-

154 2027 283 2082 pulus
317 2030 422 2069 ante
453 2028 611 2069 horum
643 2028 887 2071 adventum
919 2026 979 2069 ibi
1010 2027 1097 2069 iam
1130 2026 1353 2069 habitasse
1387 2026 1678 2069 credebatur?
1728 2026 1845 2078 Quo-

152 2098 283 2140 modo
327 2111 432 2140 vero
471 2097 517 2139 in
548 2098 658 2140 urbe
692 2112 802 2153 pura
833 2101 942 2153 puta
974 2101 1183 2153 spartana
1221 2098 1333 2140 haec
1372 2096 1491 2140 credi
1530 2096 1730 2153 coepisse
1770 2112 1845 2152 po-

152 2168 362 2211 tuerunt?
386 2194 440 2198 —
464 2168 612 2224 Atque
641 2171 745 2210 sunt
772 2182 886 2224 quae
918 2168 964 2210 in
997 2167 1295 2224 suspicionem
1327 2167 1541 2210 inducant
1573 2168 1689 2209 hanc
1719 2167 1845 2209 fabu-

151 2238 240 2281 lam
272 2241 321 2281 ut
353 2238 531 2281 omnino
564 2239 678 2281 male
712 2238 1001 2294 compositam
1039 2238 1101 2280 ita
1134 2238 1266 2281 etiam
1299 2240 1525 2280 recentem
1559 2251 1669 2280 esse.
1713 2238 1847 2280 Velut

154 2309 261 2365 quid
299 2308 381 2351 sibi
421 2309 517 2352 vult
556 2310 675 2365 quod
706 2309 994 2351 Philonomus
1028 2308 1251 2364 Spartiata
1283 2308 1470 2350 dicitur?
1532 2309 1846 2363 Intellegamus

157 2394 180 2422 e
214 2379 577 2422 Lacedaemoniis
609 2379 765 2422 incolis
799 2379 873 2435 qui
906 2382 1010 2421 ante
1041 2379 1207 2421 Dorum
1244 2379 1487 2422 adventum
1518 2378 1727 2421 fuerunt?
1788 2379 1847 2420 At

155 2449 309 2505 paucis
354 2449 555 2493 versibus
605 2449 721 2492 infra
764 2449 848 2505 ipsi
892 2448 1233 2491 Lacedaemonii
1275 2452 1557 2505 Σπαρτιᾶται
1607 2451 1844 2501 vocantur,

157 2519 233 2575 qui
268 2519 384 2562 enim
416 2520 535 2562 Melii
568 2520 757 2575 Spartae
792 2519 1016 2562 conciliari
1049 2521 1302 2574 potuerunt,
1338 2518 1423 2561 nisi
1455 2519 1711 2561 colonorum
1745 2534 1847 2575 pars

154 2590 508 2633 Lacedaemonia
551 2590 737 2633 fuisset?
801 2590 889 2632 Sed
928 2590 1039 2632 haec
1078 2589 1123 2631 in
1161 2590 1335 2631 tardum
1378 2589 1504 2632 testis
1544 2589 1740 2632 Cononis
1781 2589 1845 2630 in-

156 2660 336 2715 genium
369 2661 536 2703 reicere
568 2675 822 2717 possumus3
857 2660 1037 2715 gravius
1063 2662 1128 2702 est
1152 2660 1270 2715 quod
1294 2660 1507 2714 Gortyna,
1543 2658 1848 2715 antiquissima

156 2730 311 2774 civitas
359 2731 472 2773 illius
514 2731 697 2783 insulae,
745 2731 790 2772 in
833 2745 920 2787 qua
961 2729 1098 2772 dorici
1140 2730 1283 2772 cultus
1326 2730 1453 2772 sedes
1495 2732 1538 2772 et
1580 2728 1847 2771 domicilium

154 2801 251 2854 fuit,
285 2805 387 2857 post
417 2801 622 2857 Spartam
655 2802 830 2844 demum
865 2800 1044 2843 condita
1076 2814 1172 2843 esse
1205 2800 1380 2853 dicitur,
1414 2800 1484 2843 vel
1516 2799 1695 2855 gravius
1729 2799 1848 2855 quod

155 2871 258 2914 Meli
291 2871 435 2914 coloni
456 2871 607 2913 Imbrii
634 2875 677 2915 et
699 2871 871 2915 Lemnii
903 2871 1123 2922 dicuntur,
1156 2873 1206 2912 ut
1228 2871 1398 2912 Therae
1421 2869 1605 2922 Lemnii,
1639 2870 1848 2926 quodque

275 3025 302 3070 ¹)
328 3025 382 3059 De
407 3025 475 3059 hac
500 3024 624 3059 fabula
650 3036 719 3059 non
747 3026 889 3059 omnino
915 3027 1012 3059 recte
1039 3023 1243 3068 disputavit
1268 3022 1491 3057 Studniczka
1516 3033 1549 3068 p.
1569 3023 1611 3056 47
1624 3033 1699 3065 sqq.
