2180 3482
317 234 342 272 6
960 228 1013 262 De
1039 228 1170 271 hymno
1197 227 1375 271 Apollinis

317 336 558 379 victoribus
591 349 780 377 coronae
815 336 1088 390 pararentur.
1152 333 1299 388 Atque
1333 337 1665 388 peropportune
1697 332 1854 375 accidit
1892 334 2010 388 quod

318 405 505 461 Cyrenis
545 405 619 457 (ad
658 404 822 446 festum
856 404 973 446 enim
1007 417 1275 458 cyrenaeum
1302 404 1420 444 hunc
1452 403 1666 457 hymnum
1700 406 1903 458 spectare
1935 403 2009 444 de-

317 475 604 518 monstraturi
638 476 806 529 sumus)
841 474 995 515 titulus
1027 474 1236 516 inventus
1270 476 1336 515 est
1369 473 1575 516 vestibuli
1606 473 1760 528 templi
1780 472 2009 528 Apollinis,

317 546 439 589 velut
462 560 516 588 ex
539 545 646 601 ipsis
668 544 968 600 inscriptionis
994 543 1141 587 verbis
1169 543 1400 598 colligitur,
1430 557 1516 598 quo
1541 545 1668 599 ἔρνος
1691 545 2010 599 ἀνερχόμενον,

317 620 362 658 ut
382 616 427 657 in
446 616 658 671 Odyssea,
679 618 1068 666 commemoratur-3
1087 628 1353 669 quamquam
1375 617 1417 656 et
1432 628 1502 655 res
1517 617 1584 656 est
1600 613 1782 666 incerta,
1803 613 2011 670 quoniam

317 686 431 728 tituli
454 686 706 741 fragmenta
732 688 906 727 tantum
931 688 1179 735 servantur,
1215 687 1259 726 et
1280 683 1522 739 inscriptio,
1546 686 1595 725 ut
1616 684 1789 726 litterae
1816 683 2012 726 unciales

317 760 524 811 arguunt,
564 757 660 812 ipsa
698 755 997 798 recentissima
1041 755 1157 808 est¹)‚
1197 757 1246 796 ut
1283 755 1367 796 hoc
1398 754 1690 796 fundamento
1724 754 1850 810 quasi
1881 753 2010 795 firmo

318 828 510 883 quodam
543 826 623 868 niti
654 841 784 869 nemo
820 841 953 868 sanus
986 826 1159 867 audeat.

436 898 476 941 2.
513 897 819 947 Callimachus,
849 911 948 938 cum
973 899 1075 948 ἑκὰς
1098 897 1201 948 ἑκὰς
1220 899 1335 948 ὅστις
1359 897 1534 951 ἀλιτρός
1557 895 1730 947 clamat,
1756 898 2014 937 consuetam

318 982 541 1010 sacrorum
566 967 797 1009 formulam
823 967 1048 1022 aliquanto
1073 967 1324 1022 detorquet:
1351 969 1525 1008 veteres
1553 965 1669 1008 enim
1692 980 1781 1007 non
1804 966 2014 1008 scelestos

319 1039 396 1081 sed
419 1038 627 1093 profanos
651 1052 675 1080 a
692 1051 739 1080 re
762 1052 886 1079 sacra
905 1037 1114 1079 faciunda
1131 1050 1281 1079 arcere
1301 1037 1521 1089 solebant;
1546 1039 1594 1078 ut
1613 1036 1787 1092 scripsit
1804 1035 2015 1078 Horatius

320 1109 452 1157 (0111
481 1112 518 1160 1)
554 1111 624 1151 odi
648 1109 879 1164 profanum
915 1111 1062 1165 rolyus
1090 1115 1125 1150 et
1149 1123 1279 1159 arceo,
1313 1121 1401 1149 non
1427 1106 1598 1162 scripsit
1621 1109 1831 1150 scelestum
1856 1110 2014 1163 vol9u8.

320 1179 490 1221 Pariter
501 1178 750 1220 Alcibiades
771 1179 905 1234 (apud
919 1178 1150 1220 Platonem
1163 1193 1276 1220 conv.
1290 1177 1422 1231 218b)
1436 1176 1669 1232 mysticam
1685 1177 1909 1233 quandam
1921 1191 2015 1219 ora-

318 1249 484 1291 tionem
497 1249 760 1292 recitaturus
770 1263 921 1292 servos
931 1251 1003 1291 καὶ
1017 1252 1058 1291 εἴ
1067 1264 1130 1300 τις
1142 1249 1277 1300 ἄλλος
1289 1249 1407 1290 ἐστὶν
1417 1250 1444 1303 β
1453 1250 1508 1303 έβ
1518 1264 1543 1303 η
1554 1249 1579 1289 λ
1591 1250 1612 1290 ό
1623 1264 1642 1300 ς
1653 1263 1698 1290 τε
1709 1250 1784 1290 καὶ
1795 1250 2015 1303 ἄγροικος,

320 1321 466 1372 πύλας
492 1323 613 1362 πάνυ
636 1320 832 1374 μεγάλας
854 1325 944 1371 τοῖς
973 1321 1081 1361 ὠσὶν
1108 1319 1338 1361 ἐπιθεῖναι
1365 1317 1504 1370 1111)61;
1531 1317 1604 1373 qui
1632 1332 1765 1373 quam
1792 1331 2016 1359 sacrorum

323 1389 555 1431 formulam
572 1390 718 1445 paullo
736 1392 951 1431 mutatam
971 1389 1202 1445 exprimat,
1214 1388 1389 1431 docebit
1399 1388 1563 1443 Orphei
1574 1387 1748 1430 fr.4Ab.
1765 1388 2019 1444 φθέγξομαι

321 1463 387 1512 οἷς
411 1462 542 1514 θέμις
570 1462 673 1512 ἐστί,
696 1462 842 1516 θύρας
873 1462 910 1502 δ’
934 1461 1155 1502 ἐπίθεσθε
1178 1460 1370 1515 βέβηλοι.
1414 1459 1532 1501 Sane
1554 1459 1723 1500 nullum
1747 1458 2017 1501 Graecorum

323 1530 585 1586 religionum
618 1530 750 1572 ritum
783 1533 959 1586 praeter
991 1529 1203 1584 mysteria
1234 1529 1461 1571 Eleusinia
1491 1529 1610 1581 novi,
1652 1543 1678 1571 a
1711 1543 1797 1584 quo
1830 1528 2018 1584 improbi

321 1602 682 1654 excluderentur3
724 1603 906 1658 βέβηλοι
945 1600 1061 1643 enim
1101 1600 1161 1641 illi
1202 1602 1305 1642 sunt
1348 1599 1422 1656 qui
1460 1600 1659 1641 nondum
1697 1598 1857 1641 initiati
1895 1602 2016 1640 sunt:

319 1676 474 1728 μιαροί
504 1686 609 1715 vero
648 1686 739 1714 non
778 1671 973 1715 universi
1012 1670 1213 1727 improbi,
1249 1671 1327 1713 sed
1359 1670 1435 1726 qui
1467 1673 1587 1712 certo
1619 1673 1832 1724 μιάσματι
1864 1669 2020 1725 polluti

321 1746 436 1785 sunt.
502 1743 620 1785 Sane
658 1742 792 1784 animi
831 1741 1068 1798 puritatem
1107 1741 1151 1782 in
1185 1740 1411 1783 sacrificiis
1445 1740 1694 1796 philosophi
1726 1740 2019 1796 postularunt,

320 1816 370 1855 ut
392 1813 516 1855 Plato
545 1813 676 1868 (legg.
696 1813 754 1855 IV
776 1816 859 1854 716
884 1813 953 1867 (16)
987 1825 1178 1868 eumque
1201 1814 1380 1854 secutus
1404 1811 1560 1853 Cicero
1593 1811 1722 1866 (legg.
1743 1811 1783 1852 ΙΙ
1801 1812 1868 1852 22.
1887 1812 1961 1864 41)
1976 1810 2018 1863 2).

320 1883 460 1926 Aliter
484 1897 530 1926 se
562 1897 655 1925 rem
676 1883 885 1925 habuisse
907 1883 952 1924 in
975 1881 1197 1937 mysteriis
1219 1881 1454 1924 Eleusiniis
1478 1882 1688 1923 docemur
1709 1880 2020 1936 Aristophanis

322 1953 567 1996 imitatione
590 1953 663 2009 qui
697 1956 942 2008 mystarum
976 1953 1159 1995 chorum
1192 1952 1319 2005 (Ran.
1344 1967 1384 1995 v.
1409 1954 1510 2003 355)
1544 1950 1651 1993 fecit
1683 1953 1940 1994 monentem
1972 1953 2020 1992 ut

323 2023 570 2066 discederet
609 2024 878 2080 quicumque
915 2027 1072 2080 γνώμῃ
1112 2026 1173 2079 μὴ
1217 2024 1481 2079 καθαρεύει;
1535 2021 1632 2078 quis
1681 2035 1787 2065 vero
1832 2021 2023 2077 spondet

322 2096 438 2136 hanc
469 2094 703 2136 formulam
736 2094 1033 2149 sophistarum
1067 2096 1214 2136 aetate
1237 2092 1527 2136 vetustiorem
1561 2092 1687 2135 esse‘?
1720 2092 1869 2148 Atque
1900 2094 2021 2134 totus

325 2165 579 2208 Callimachi
603 2165 726 2207 locus
748 2164 810 2206 ita
833 2167 1114 2220 comparatus
1138 2167 1217 2215 est,
1242 2166 1303 2215 ut,
1329 2177 1443 2219 quae
1467 2164 1523 2205 ad
1545 2163 1785 2218 puritatem
1808 2163 2022 2204 sacralem

324 2235 619 2292 pertinebant,
649 2236 703 2277 ad
728 2235 898 2277 animos
920 2235 1267 2287 transferantur,
1291 2234 1353 2276 ita
1377 2234 1530 2290 paucis
1555 2234 1757 2277 versibus
1780 2232 2023 2276 interiectis

327 2311 382 2357 (v.
403 2309 445 2359 9)
481 2307 642 2348 clamat
673 2321 763 2347 non
798 2320 951 2348 omnes
977 2305 1227 2361 Apollinem
1255 2304 1527 2360 conspicere,
1561 2305 1639 2346 sed
1665 2303 1806 2346 bonos
1833 2306 2020 2346 tantum.

323 2377 382 2418 At
403 2376 624 2431 Vergilius
648 2391 748 2419 cum
772 2376 1088 2419 Callimachum
1111 2375 1247 2418 latine
1273 2376 1479 2418 redderet
1506 2375 1632 2427 (Aen.
1654 2375 1715 2417 VI
1734 2376 1850 2428 258),
1867 2376 2023 2430 procul

316 2450 470 2503 procul
503 2454 580 2490 este
610 2450 783 2504 profani
816 2447 1004 2503 scripsit,
1046 2447 1089 2489 id
1123 2449 1187 2489 est
1221 2461 1247 2488 a
1278 2460 1379 2488 rara
1409 2446 1465 2488 ad
1498 2448 1758 2488 consuetam
1789 2445 2022 2488 formulam

444 2554 467 2595 ¹)
495 2553 659 2587 Titulum
685 2553 726 2586 de
753 2553 977 2586 Fourmontii
1004 2553 1144 2587 schedis
1171 2553 1335 2596 depinxit
1363 2551 1412 2586 M.
1439 2551 1607 2593 Frankel,
1641 2551 1808 2585 Berliner
1835 2550 2023 2594 Sitzungs-

325 2611 484 2645 beriohte
530 2611 630 2654 1903,
673 2612 736 2653 87;
787 2612 923 2654 primae
949 2622 1119 2645 versuum
1160 2611 1308 2645 litterae
1350 2613 1519 2645 servatae
1560 2613 1656 2645 sunt.
1731 2611 1753 2653 ἦ
1792 2608 2023 2654 πρό[π]υλον

325 2683 372 2704 κα
394 2671 398 2713 Ι
422 2674 484 2713 τῆς
509 2670 609 2715 γ[ἁ]ρ
635 2672 730 2715 ἔγωγ
753 2671 756 2713 Ι
780 2669 915 2714 [ἔ]ρνος
943 2669 1256 2715 [ἀ]νερχό[μενον]
1281 2670 1284 2713 Ι
1308 2668 1554 2714 [Λ]ητοί“[δ]ην
1581 2669 1630 2703 δέ.

443 2729 469 2772 ²)
497 2729 595 2762 Nihil
627 2728 672 2762 ad
704 2730 927 2762 contrarium
960 2729 1279 2763 demonstrandum
1309 2727 1409 2762 valet
1441 2727 1615 2762 scholium
1647 2726 1693 2760 ad
1725 2725 1908 2768 Aristoph.
1936 2726 2021 2760 Pac.

325 2798 357 2821 V.
385 2787 453 2821 968
480 2788 702 2828 σπένδοντες
727 2788 797 2832 γὰρ
821 2786 968 2831 ἔλεγον,
995 2789 1048 2828 τίς
1075 2788 1159 2832 τῇδε
1185 2789 1268 2821 ἀντὶ
1294 2790 1358 2819 τοῦ
1385 2788 1438 2828 τίς
1464 2787 1659 2830 πάρεστιν·
1676 2787 1754 2819 εἶτα
1781 2787 1816 2818 οἱ
1842 2786 2024 2830 παρόντες

327 2847 632 2891 εὐφημιζόμενοι
658 2845 804 2890 ἔλεγον,
823 2845 969 2879 πολλοὶ
994 2846 1175 2891 κάγαθοί“
1201 2849 1306 2879 τοῦτο
1335 2845 1374 2879 δὲ
1401 2847 1558 2878 ἐποίουν
1584 2847 1620 2878 οἱ
1646 2844 1880 2886 σπένδοντες,
1907 2844 1970 2876 ἵνα
1988 2845 2024 2876 οἱ

327 2905 538 2945 συνειδότες
570 2917 603 2938 τι
635 2908 781 2945 ἑαυτοῖς
813 2905 953 2938 ἄτοπον
985 2907 1189 2950 ἑκχωροῖεν
1221 2907 1261 2938 ἐκ
1294 2907 1366 2937 τῶν
1399 2903 1585 2937 σπονδῶν.
1635 2903 1747 2936 Patet
1778 2903 1886 2936 moris
1917 2902 2024 2936 attici

328 2973 475 2997 causam
500 2964 634 3005 quaeri,
661 2963 753 2997 hanc
778 2973 860 2997 vero
882 2963 1099 2998 scholiastae
1119 2963 1270 2998 arbitrio
1289 2962 1391 3006 fingi,
1418 2963 1479 3004 qui
1500 2973 1521 2995 a
1540 2960 1832 3004 philosophorum
1850 2960 2023 2995 doctrinis

327 3024 427 3055 totus
453 3022 618 3065 pendeat.
