2180 3482
557 225 609 259 De
636 225 812 269 Eurypyli
839 229 875 260 et
899 226 1011 260 trium
1036 227 1294 271 naufragorum
1320 228 1452 262 fabulis
1772 229 1843 271 131

160 329 284 372 initio
319 331 373 372 ad
397 330 616 386 Cinypem
650 333 694 373 et
716 330 1049 386 Tripolitaniam
1083 333 1305 388 spectarit,
1341 334 1458 375 nullo
1492 334 1621 375 modo
1655 336 1848 383 constat;

160 415 263 442 nam
296 401 460 457 pariter
490 400 587 443 fieri
619 401 763 456 potuit
796 404 841 443 ut
877 416 901 443 a
935 402 1183 456 Cyrenaica
1217 403 1315 445 illuc
1347 404 1672 447 transferretur.

278 472 472 514 Fabulae
505 471 559 513 de
590 472 820 527 Eurypylo
855 471 1187 527 antiquissimae
1222 473 1334 515 illam
1376 488 1508 529 quam
1542 474 1850 529 proposuimus

159 541 485 584 restitutionem
530 544 574 584 et
620 545 786 584 rectam
827 548 870 584 et
913 542 1087 584 firmam
1132 557 1227 585 esse
1273 543 1484 585 similibus
1538 543 1696 585 fabulis
1740 544 1849 585 indi-

160 611 268 653 catis
310 611 395 653 iam
435 612 807 667 comprobabitur.
872 612 983 654 Nam
1017 613 1087 654 alii
1121 615 1275 656 heroes
1308 613 1504 656 Thessali
1538 617 1774 655 narrantur
1805 614 1849 655 in

159 682 299 737 Libya
326 681 547 724 interfecti
582 696 689 724 esse.
739 683 799 725 Ut
825 683 1088 738 Lycophron
1124 699 1161 726 v.
1191 687 1275 725 897
1289 699 1383 739 sqq.
1418 687 1606 726 testatur
1629 683 1848 735 Guneum,

158 752 411 803 Prothoum,
445 753 723 808 Eurypylum
747 752 876 794 Troia
903 754 1139 796 iedeuntes
1172 755 1226 795 ad
1254 754 1416 808 l'iibyae
1450 753 1654 809 scopulos
1687 768 1848 797 navem

157 822 341 877 fregisse
383 823 632 878 misereque
675 823 868 878 periisse.
933 824 1198 879 Lycophron
1247 823 1522 878 Cyrenaicae
1569 837 1690 865 oram
1740 824 1847 875 vult,

157 892 373 949 siquidem
419 908 551 949 rupes
589 896 846 950 Ταυχείρωυ
890 896 1043 946 πέλας,
1093 908 1207 949 quae
1253 897 1316 936 est
1361 893 1636 948 Cyrenaicae
1678 893 1847 946 civitas,

159 961 253 1004 istis
293 963 533 1019 perniciem
571 964 725 1007 tulisse
763 964 868 1006 dicit
907 966 964 1017 (v.
994 966 1110 1017 877).
1189 964 1357 1006 Eodem
1397 963 1509 1006 redit
1548 964 1679 1019 quod,
1729 966 1847 1019 post-

157 1048 288 1089 quam
312 1034 529 1089 Asbystas
552 1036 734 1086 donum,
770 1037 984 1077 craterem
1014 1034 1194 1085 scilicet,
1229 1036 1277 1076 ἐν
1309 1036 1477 1087 χθονὸς
1500 1041 1665 1090 νειροῖς
1689 1041 1848 1089 μυχοῖς

155 1105 214 1158 (v.
245 1106 348 1156 896)
396 1105 682 1147 abscondisse
733 1104 943 1155 narravit,
1000 1104 1121 1146 addit
1174 1106 1223 1146 ἐν
1270 1105 1294 1160 ᾗ
1340 1105 1570 1159 Κυφαίων
1619 1104 1847 1160 δύσμορον

156 1177 462 1231 στρατηλάτην
482 1176 703 1226 (Guneum
727 1174 849 1228 dicit)
873 1178 1056 1227 ναύταις
1082 1177 1434 1230 συνεκβράσουσι
1452 1177 1672 1230 Βορραῖαι
1695 1178 1846 1227 πνοαί,

154 1244 320 1300 pariter
341 1245 546 1301 reliquos.
577 1272 629 1275 —
658 1245 815 1301 Neque
838 1245 1051 1288 adversus
1074 1245 1189 1287 hanc
1213 1244 1545 1286 conclusionem
1568 1245 1699 1295 valet,
1729 1246 1847 1300 quod

153 1315 289 1358 semel
322 1315 543 1371 Cinypem
576 1315 761 1358 fluvium
794 1315 904 1358 falso
937 1315 982 1356 in
1016 1315 1265 1370 Cyrenaica
1297 1315 1501 1367 collocat3
1536 1329 1668 1370 quem
1700 1315 1846 1357 locum

153 1385 239 1427 iam
273 1387 378 1428 satis
411 1400 633 1442 superque
667 1385 1027 1442 disceptavimus.
1086 1386 1270 1427 Factum
1304 1388 1453 1427 tamen
1488 1399 1584 1427 esse
1616 1387 1765 1440 potest
1796 1388 1845 1427 ut

154 1459 243 1498 tres
262 1456 466 1512 naufragi
491 1460 647 1512 postea
669 1457 714 1498 in
732 1456 1065 1512 Tripolitaniam
1087 1455 1450 1507 transferrentur,
1475 1455 1549 1497 ubi
1572 1455 1657 1497 iam
1675 1455 1846 1498 Tritoni

155 1527 282 1570 sedes
331 1527 599 1570 constitutae
648 1530 809 1569 essent.
850 1553 904 1556 —
945 1527 1101 1582 Neque
1148 1529 1296 1568 tamen
1346 1528 1521 1568 tantum
1567 1526 1843 1568 auctoritatis

153 1598 345 1640 Tzetzae
377 1597 631 1641 testimonio
664 1597 905 1649 tribuerim,
946 1600 995 1639 ut
1033 1596 1251 1640 affirmem
1288 1597 1373 1639 hoc
1411 1610 1591 1651 prorsus
1625 1599 1842 1649 constare,

152 1682 251 1710 cum
274 1668 345 1711 ille
369 1669 424 1710 ad
448 1668 755 1724 Lycophronis
780 1684 819 1711 v.
845 1670 929 1709 902
954 1667 1236 1710 adnotaverit
1258 1667 1603 1723 Ἀπολλόδωρος
1630 1668 1677 1709 δὲ
1703 1670 1777 1709 καὶ
1803 1671 1844 1710 οἱ

151 1740 302 1782 λοιποὶ
343 1744 456 1783 οὕτω
502 1743 620 1795 φασί·
666 1740 868 1792 Γουνεὺς
907 1743 969 1792 εἰς
1007 1740 1181 1795 Λιβύην
1221 1740 1369 1781 λιπὼν
1410 1740 1487 1790 τὰς
1528 1739 1689 1780 ἑαυτοῦ
1732 1743 1842 1792 ναῦς

153 1811 308 1853 ἐλθὼν
332 1812 405 1853 ἐπὶ
427 1812 618 1853 Κίνυπα
641 1811 848 1864 ποταμὸν
870 1815 1080 1852 κατοικεῖ.
1134 1809 1259 1861 Nam,
1287 1810 1336 1850 ut
1358 1808 1611 1850 omittamus
1634 1809 1843 1851 Tzetzem

152 1895 295 1936 paene
323 1880 745 1923 contaminationem
773 1880 917 1936 ipsum
944 1880 1027 1921 illis
1053 1879 1238 1923 vocibus
1271 1883 1312 1922 οἱ
1333 1881 1485 1922 λοιποί
1515 1878 1673 1921 additis
1699 1879 1841 1931 fateri,

150 1955 195 1993 ut
230 1951 520 2006 neglegamus
547 1951 786 2007 epitomam
810 1950 1063 2006 Apollodori
1096 1949 1398 2001 sabbaiticam,
1432 1949 1596 2005 pariter
1628 1949 1840 1992 scholium

149 2023 204 2064 ad
238 2022 543 2077 Lycophronis
576 2037 616 2065 v.
641 2024 726 2064 899
757 2021 942 2076 Libyam
975 2024 1162 2072 tanturn,
1197 2034 1288 2062 non
1322 2019 1541 2075 Cinypem
1575 2034 1841 2062 commemo-

149 2107 261 2144 rare,
292 2093 409 2135 unde
433 2092 787 2135 concludendum
813 2094 879 2134 est
902 2092 1099 2134 nondum
1123 2093 1342 2143 constare,
1367 2090 1471 2146 quid
1494 2089 1537 2131 in
1560 2089 1843 2144 bybliotheca

149 2163 362 2218 scriptum
409 2162 554 2214 fuerit,
605 2177 704 2205 cum
751 2162 1010 2218 praesertim
1053 2161 1361 2218 Lycophronis
1408 2174 1563 2203 versus
1605 2159 1679 2215 qui
1718 2163 1841 2202 ante-

149 2235 313 2276 cedunt
347 2233 532 2289 Cinypis
565 2233 787 2276 inserendi
821 2233 948 2289 quasi
980 2247 1133 2275 ansam
1167 2232 1428 2275 scholiastae
1468 2230 1754 2286 praebuerint
1788 2257 1839 2260 —

148 2308 196 2346 ut
228 2305 339 2347 haec
372 2304 519 2346 omnia
550 2306 840 2360 praeteream,
873 2303 1158 2346 manifestum
1191 2304 1258 2345 est
1283 2302 1599 2357 Apollodorum
1632 2315 1840 2356 persona-

147 2378 255 2427 tum,
291 2374 507 2430 siquidem
540 2374 611 2416 ille
636 2377 760 2416 recte
784 2388 806 2416 e
832 2375 997 2416 Tzetza
1020 2373 1251 2415 restitutus
1285 2374 1364 2424 est,
1397 2370 1691 2414 recentiorem
1713 2371 1840 2412 nobis

147 2445 342 2487 fabulam
384 2447 721 2500 repraesentare
764 2458 896 2500 quam
935 2444 1289 2499 Lycophronem.
1353 2442 1438 2483 Hic
1483 2441 1599 2484 enim
1644 2440 1841 2484 narravit

148 2516 354 2558 Guneum
377 2515 422 2556 in
444 2515 586 2570 Libya
608 2514 804 2571 periisse,
838 2514 1131 2569 Apollodorus
1160 2513 1350 2555 eundem
1382 2512 1469 2554 illic
1500 2512 1655 2553 urbem
1689 2511 1838 2553 condi-

148 2587 283 2638 disse,
325 2589 676 2628 consentaneum
711 2599 815 2628 vero
851 2587 917 2627 est
950 2584 1131 2626 caedem
1163 2584 1250 2625 iam
1281 2585 1376 2624 tum
1409 2582 1561 2624 fictam
1594 2595 1704 2633 esse,
1739 2595 1838 2623 cum

148 2656 392 2713 Cyrenaeis
424 2656 622 2698 nondum
655 2654 941 2698 successisset
976 2658 1023 2696 ut
1057 2653 1220 2708 Libyas
1254 2667 1277 2695 e
1310 2652 1440 2694 maris
1474 2666 1550 2694 ora
1588 2651 1632 2692 in
1664 2654 1838 2693 montes

147 2728 381 2784 pellerent3
426 2730 594 2778 contra,
635 2726 900 2781 simulatque
940 2724 998 2765 illi
1031 2724 1075 2765 in
1109 2738 1323 2765 summam
1358 2722 1604 2778 potentiam
1638 2720 1838 2777 provecti

148 2797 446 2854 principatum
477 2796 523 2838 in
545 2797 687 2851 Libya
713 2795 861 2851 adepti
895 2797 1057 2845 essent,
1092 2794 1239 2835 clades
1272 2793 1315 2833 in
1350 2792 1618 2834 contrarium
1653 2804 1836 2834 conver-

148 2882 218 2910 sas
251 2881 349 2910 esse
367 2868 408 2921 ¹).

267 3021 292 3064 ¹)
318 3021 416 3054 Haec
443 3021 562 3054 omnia
589 3020 761 3053 adversus
788 3018 1002 3052 Maltenium
1028 3027 1061 3059 p.
1084 3017 1149 3050 129
1162 3027 1211 3057 sq.
1240 3016 1435 3058 disputavi.

1580 3073 1623 3105 9*
