2180 3482
371 241 426 280 92
1012 235 1064 268 De
1090 234 1221 277 hymno
1247 234 1427 278 Apollinis

371 357 545 399 semper
585 342 647 383 ita
687 341 824 382 utitur
862 344 911 382 ut
948 340 1152 392 diximus,
1197 343 1292 382 tum
1331 338 1463 382 etiam
1503 339 1872 393 (lsth1n.V1125>
1907 343 2066 394 σοφίας

376 417 515 469 ἄκρον
566 416 713 454 ἄωτον
761 410 947 466 scripsit.
1010 410 1066 452 At
1106 410 1167 452 ita
1208 424 1388 466 prorsus
1430 423 1485 452 ex
1526 409 1597 451 illo
1646 410 1833 463 πίδακος
1867 410 1914 463 ἐξ
1947 414 2067 465 ἱερῆς

373 484 414 525 id
449 483 567 538 quod
601 485 666 524 est
700 483 860 533 ὕὸατος
897 481 951 523 ad
993 484 1133 537 ἄκρον
1167 483 1315 524 ἄωτον
1355 479 1625 535 cogitatione
1664 480 1960 535 supplendum
2000 483 2067 522 est

372 557 416 595 ut
438 567 492 596 ex
516 553 586 594 illo
611 554 731 607 ὕδωρ
755 552 811 592 ad
834 552 924 594 ἀπὸ
947 553 1116 604 παντός
1141 551 1262 593 notio
1287 554 1497 606 cognata3
1522 554 1657 606 atque
1681 550 1813 592 etiam
1837 550 1986 593 nescio
2011 565 2066 592 an

371 625 455 665 hoc
501 622 712 666 audacius
751 622 916 664 dictum
958 621 1013 663 sit
1053 636 1184 677 quam
1227 621 1356 663 istud.
1421 622 1488 662 Ita
1525 620 1619 663 fere
1656 621 1790 675 igitur
1834 620 1905 662 ille
1943 621 2068 663 locus

372 694 732 750 interpretandus
781 695 867 735 est:
927 692 1053 743 „Non
1101 693 1154 733 ab
1207 691 1326 733 omni
1375 692 1490 745 (lacu
1544 691 1615 734 vel
1668 691 1867 745 flumine)
1918 690 2067 734 Cereri

372 780 533 821 aquam
565 763 768 806 melissae
801 766 994 819 portant,
1029 763 1106 805 sed
1139 777 1163 804 a
1196 776 1313 805 vena
1344 764 1519 804 tantum
1552 776 1680 817 quae,
1715 776 1857 817 aquae
1890 761 2067 817 purissi-

371 850 469 877 mus
503 834 680 890 quidam
713 834 810 885 flos,
846 847 869 875 e
902 848 1026 875 sacro
1059 833 1185 875 fonte
1219 832 1357 874 salit.“

495 904 574 949 ll3
620 905 671 946 In
702 905 787 946 hoc
820 918 951 947 versu
985 918 1063 946 cur
1094 903 1332 946 lectionem
1365 902 1519 945 scholii
1551 903 1604 944 ad
1639 902 1903 957 Gregorium
1935 902 2064 944 Nazi-

373 990 593 1018 anzenum
618 975 799 1027 Φθόνος
823 974 880 1016 illi
905 974 1057 1026 verbo,
1093 974 1211 1029 quod
1238 973 1282 1015 in
1307 972 1564 1016 Callimachi
1596 973 1715 1015 libris
1749 973 1961 1028 scriptum
1994 987 2069 1015 ex-

373 1050 457 1089 stat
502 1048 692 1102 Φθόρος,
741 1045 1093 1101 praetulerimus,
1144 1059 1167 1087 e
1215 1044 1588 1101 disputationibus
1622 1043 1785 1086 nostris
1832 1043 1919 1086 iam
1965 1043 2071 1085 satis

376 1131 596 1174 superque
631 1116 789 1159 eluxit:
828 1118 1004 1172 Φθόρος
1038 1115 1152 1158 euim
1190 1116 1310 1157 nulla
1342 1118 1464 1157 certa
1490 1129 1680 1170 persona
1705 1114 1802 1166 fuit,
1838 1128 1952 1170 quae
1971 1128 2071 1156 cum

375 1190 518 1230 Momo
565 1187 775 1242 coniungi
812 1190 983 1243 posset3
1040 1187 1270 1228 Phthonus
1313 1201 1411 1228 cum
1455 1186 1600 1228 Momo
1648 1185 1928 1227 consociatus
1976 1198 2073 1227 esse

375 1259 506 1302 etiam
540 1258 739 1300 traditur.
795 1258 924 1310 Quod
946 1257 1316 1300 KVilamowitzius
1340 1256 1596 1311 (Gettinger
1618 1255 1919 1298 Nachrichten
1947 1258 2071 1307 1893,

376 1346 415 1386 p.
443 1332 526 1371 745
561 1329 659 1370 adn.
689 1331 732 1380 2)
767 1331 1033 1370 structuram
1066 1328 1197 1369 huius
1230 1341 1385 1370 versus
1411 1331 1433 1370 ὁ
1456 1329 1503 1370 ὁὲ
1525 1328 1715 1381 ΆΙῶμος,
1751 1325 1806 1369 ἵν’
1830 1329 1852 1368 ὁ
1879 1327 2071 1378 Φθόνος,

374 1402 491 1443 ἔνθα
516 1403 659 1442 νέοιτο
694 1414 793 1441 cum
826 1398 1082 1441 theocriteis
1114 1398 1196 1440 illis
1229 1398 1273 1439 in
1296 1399 1495 1440 Helenae
1529 1397 1810 1453 epithalamio
1845 1398 2074 1452 comparat

376 1471 544 1525 (XVIII
572 1473 639 1522 16)
689 1472 917 1526 ἐρχομένῳ
957 1486 1022 1512 τοι
1065 1472 1109 1523 ἐς
1147 1471 1380 1525 Σπάρταν,
1436 1472 1551 1525 ἅπερ
1600 1470 1735 1510 ὧλλοι,
1776 1470 1972 1524 ἀρισῑέες
2015 1470 2073 1520 ὡς

375 1545 581 1593 ἀιιύσαιο,
629 1541 796 1583 nodum
840 1540 883 1581 in
931 1540 1075 1596 scirpo
1119 1553 1333 1596 quaerere
1375 1539 1562 1582 videtur.
1628 1539 1753 1590 Nam,
1803 1552 2073 1594 quamquam

375 1612 557 1655 minime
595 1626 811 1667 negamus
845 1610 1165 1653 Callimachum
1197 1610 1257 1652 ita
1288 1609 1409 1666 loqui
1441 1609 1639 1665 potuisse
1672 1612 1721 1650 ut
1754 1609 1938 1652 verbum
1971 1608 2072 1649 sub-

375 1682 617 1726 stantivum
655 1682 875 1733 reticeret,
916 1681 1177 1724 adverbium
1217 1683 1357 1722 status
1399 1695 1498 1722 cum
1538 1679 1749 1722 adverbio
1788 1681 1934 1720 motus
1968 1692 2072 1720 con-

374 1753 595 1805 funderet,
637 1754 755 1809 quod
793 1755 940 1794 motus
972 1752 1094 1794 notio
1128 1752 1430 1807 praecederet,
1473 1751 1611 1792 multo
1645 1749 1819 1806 planius
1851 1748 1923 1791 ille
1953 1749 2072 1791 locu-

375 1826 446 1866 tus
496 1824 672 1867 videtur
719 1837 837 1866 esse:
887 1837 1035 1879 neque
1080 1822 1197 1865 enim
1242 1823 1379 1865 ullum
1426 1822 1541 1864 aliud
1587 1821 1854 1864 vocabulum
1897 1818 2075 1862 reticuit

374 1893 458 1935 nisi
499 1894 543 1936 in
584 1894 807 1937 sententia
852 1894 1039 1937 relativa
1083 1894 1270 1937 verbum
1318 1893 1540 1944 veniendi,
1591 1892 1709 1948 quod
1755 1891 1801 1932 in
1854 1889 2075 1933 sententia

374 1964 607 2020 principali
641 1964 834 2020 positum
868 1967 946 2007 est.
1011 1965 1401 2020 Interpretandum
1436 1967 1520 2006 est:
1559 1962 1767 2015 „Utinam
1796 1962 1968 2004 Momus
2002 1974 2073 2003 eo-

375 2036 489 2087 dem,
528 2036 572 2077 id
611 2040 678 2078 est
717 2035 761 2076 in
803 2035 963 2077 malam
996 2049 1102 2087 rem,
1150 2036 1293 2086 abeat,
1344 2050 1430 2091 quo
1464 2034 1548 2076 iam
1584 2033 1815 2075 Phthonus
1864 2032 1985 2074 caelo
2019 2032 2073 2073 ab

375 2107 481 2149 Iove
514 2106 665 2162 pulsus
699 2105 845 2148 abiit.“
