2180 3482
335 222 385 261 10
973 218 1025 251 De
1050 216 1182 259 hymno
1208 216 1387 259 Apollinis

329 339 443 367 unus
476 324 587 366 fides
619 326 792 375 tractat,
827 322 981 378 reliqui
1006 322 1179 364 saltant.
1221 321 1350 364 Pueri
1373 322 1572 377 profecto
1607 324 1663 375 (v.
1688 324 1731 375 8)
1765 322 1821 363 ad
1843 324 2023 363 cantum

330 398 373 438 et
406 396 601 445 chorum,
635 394 678 435 id
702 397 767 436 est
791 395 845 435 ad
869 396 1048 435 cantum
1082 395 1125 434 et
1152 391 1433 434 saltationem
1460 395 1691 443 vocantur,
1721 392 1799 434 sed
1821 391 2022 433 hocloco

330 479 461 521 quem
502 464 813 520 disceptamuffi
852 478 943 506 non
981 467 1028 505 ut
1070 463 1282 505 citharam
1319 462 1402 518 ipsi
1439 463 1630 514 tradant,
1663 465 1913 513 monentur,
1947 462 2025 504 sed

329 550 386 578 ne
419 549 514 577 eam
547 535 727 577 tacitam
761 549 876 577 neve
908 534 1138 576 immotum
1170 533 1330 588 pedem
1363 536 1561 584 teneant,
1597 533 1715 588 quod
1748 531 2026 574 callidissime

330 606 494 648 dictum
519 606 650 648 etiam
674 606 729 647 ad
751 621 886 648 unum
910 605 1186 660 psallentem,
1212 604 1314 645 dum
1338 603 1496 659 reliqui
1518 603 1694 655 saltant,
1719 602 1885 645 referre
1906 601 2022 644 licet.

330 677 475 718 Etiam
495 680 725 732 ἠγασάμην
743 679 843 728 τοὺς
861 677 1036 727 παῖδας,
1055 676 1153 716 ἐπεὶ
1167 676 1298 728 χέλυς
1315 676 1458 716 οὐκέτ’
1474 675 1631 729 ἀεργός
1648 672 1694 714 in
1710 674 1829 714 hunc
1848 686 2026 714 sensum

330 747 532 803 accipere
571 750 691 789 certe
729 747 851 798 licet3
891 760 995 787 nam
1035 744 1208 786 saltatio
1249 745 1303 786 ad
1342 743 1555 786 citharam
1595 758 1695 785 cum
1729 743 1825 799 ipsa
1858 742 2027 785 cithara

330 821 420 859 tam
462 821 554 859 arte
600 818 821 868 cohaeret,
868 820 914 858 ut
961 816 1100 858 altera
1141 817 1485 857 commemorata
1531 813 1711 856 alterius
1755 813 1904 855 statim
1951 813 2025 854 ad-

330 902 606 930 moneamur:
654 902 840 943 „pueros
873 887 1017 938 miror,
1059 887 1177 942 quod
1205 885 1372 928 cithara
1398 884 1484 926 iam
1511 898 1602 926 non
1629 883 1770 926 otiosa
1802 886 1881 935 est,
1909 882 2027 939 iique

331 958 497 1001 scilicet
537 959 592 1000 ad
630 972 727 1000 eam
768 958 971 999 saltant⁴⁴‚
1012 984 1058 988 κ-
1100 957 1152 1000 14
1184 959 1328 1011 γάμον
1362 956 1505 998 τελεῖν
1537 954 1714 1010 proprie
1747 954 1913 996 dictum
1946 956 2026 1004 est,

329 1031 453 1082 τέλος
494 1028 610 1071 enim
643 1031 802 1084 γάμοιο
834 1028 921 1070 iam
954 1027 1071 1083 apud
1104 1028 1348 1068 Homerum
1383 1026 1606 1068 sollemne.
1672 1025 1811 1067 Senes
1844 1038 2027 1079 graecos

331 1114 560 1155 nunquam
599 1099 782 1141 barbam
823 1098 1070 1141 totondisse
1112 1097 1196 1139 nisi
1235 1096 1384 1139 liberis
1423 1095 1593 1138 amissis
1631 1109 1689 1138 ne
1731 1094 2029 1137 Schneiderus

332 1171 509 1227 quidem
542 1170 876 1221 demonstravit,
912 1169 986 1225 qui
1017 1169 1062 1210 in
1097 1170 1260 1223 πολιὴν
1297 1184 1339 1210 τε
1369 1168 1601 1223 κερεῐσθαι
1629 1165 1828 1208 offendit.
1885 1166 2029 1208 τελεῖν

333 1245 400 1284 est
422 1241 589 1283 scilicet
611 1244 787 1296 tempus
818 1239 1035 1291 futurum3
1068 1241 1249 1293 μέλλειν
1281 1238 1341 1280 ita
1364 1237 1530 1280 dictum
1564 1240 1643 1288 est,
1678 1239 1723 1278 ut
1757 1235 2029 1278 homericum

333 1314 389 1361 (Β
416 1314 487 1363 38)
528 1315 701 1366 νήπιος,
738 1315 836 1353 οὔτε
873 1313 926 1353 τὰ
965 1311 1048 1367 ᾕὸη
1088 1313 1118 1352 ἅ
1153 1313 1209 1365 ῥα
1243 1310 1354 1361 Ζεὺς
1387 1309 1581 1363 μὴὁετο
1614 1308 1913 1363 §wa-&omem
1946 1309 2029 1362 γὰρ

332 1385 392 1425 ἔτ’
415 1383 600 1435 ἔμελλεν
624 1381 693 1424 ἐπ’
712 1383 851 1437 ἄλγεα
873 1397 919 1423 τε
943 1383 1164 1435 στοναχάς
1186 1396 1231 1422 τε
1252 1381 1395 1435 Τρωσί
1415 1395 1460 1421 τε
1483 1381 1555 1421 καὶ
1573 1378 1796 1429 Δαναοῖσι,
1826 1376 1901 1418 ubi
1924 1377 2030 1418 illud

333 1453 518 1506 ἔμελλεν
552 1452 676 1508 quasi
709 1452 815 1494 item
849 1454 983 1507 atque
1015 1451 1120 1492 illud
1151 1452 1316 1506 μήδετο
1348 1449 1630 1505 interpretari
1654 1451 1774 1491 certe
1806 1450 2028 1504 poterant,

334 1523 458 1579 quasi
493 1526 607 1566 esset
642 1522 857 1573 meditari,
901 1522 1027 1565 velle.
1091 1522 1159 1563 Ita
1190 1521 1355 1577 pariter
1385 1523 1418 1564 O
1441 1523 1520 1562 601
1550 1534 1644 1576 sqq.
1669 1519 1856 1574 legimus
1878 1519 2030 1561 Iovem

334 1598 632 1650 exspectasse,
658 1595 762 1636 dum
785 1593 925 1649 prima
947 1592 1074 1636 navis
1098 1593 1289 1634 arderet:
1315 1593 1363 1633 ἐκ
1386 1594 1469 1647 γὰρ
1489 1591 1542 1647 ὀὴ
1559 1596 1637 1633 τοῦ
1653 1591 1788 1644 μέλλε
1806 1589 2031 1642 παλίωξιν

333 1667 458 1721 παρὰ
485 1671 609 1721 νηῶν
636 1666 887 1721 θησέμεναι
914 1665 1095 1720 Τρώων,
1123 1663 1337 1705 Δαναοῖσι
1364 1663 1411 1704 ὁὲ
1439 1663 1571 1714 κῦδος
1596 1660 1780 1717 ὀρέξειν.
1823 1658 2032 1715 Sequitur

335 1738 388 1778 τὰ
422 1737 630 1792 φρονέων
664 1738 746 1777 etc.
806 1734 894 1777 Cfr.
930 1747 1107 1790 quoque
1139 1734 1179 1775 A
1212 1735 1262 1774 21
1299 1733 1495 1775 πεύθετο
1528 1733 1611 1787 γὰρ
1644 1731 1888 1787 Κύπρονὸε
1919 1731 2032 1785 μέγα

333 1808 463 1859 κλέος
492 1805 635 1849 οὕνεκ’
656 1808 830 1861 Ἀχαιοὶ
857 1807 901 1858 ἐς
934 1807 1094 1861 Τροίην
1125 1807 1304 1860 νήεσσιν
1329 1803 1698 1846 ἀναπλεύσεσθαι
1729 1802 1930 1854 ἔμελλον,
1957 1799 2033 1841 ubi

337 1876 535 1932 profecto
574 1878 770 1933 μήὸοντο
810 1875 1017 1918 substitui
1055 1877 1241 1931 poterat.
1277 1899 1331 1904 ——
1375 1873 1425 1917 15
1467 1872 1626 1915 Nescio
1666 1886 1722 1914 an
1763 1870 2032 1914 Callimacho

340 1948 541 2003 ἑστήξειν
563 1950 610 1990 τὸ
633 1954 775 2001 τεῖχος
795 1946 1086 2001 ε’πίἐρχαίοισι
1109 1946 1356 1998 θεμέθλοις
1379 1942 1589 1986 scribenti
1611 1941 1837 1998 praeconii
1850 1941 2034 1983 Medeae

337 2017 550 2074 pindarici
581 2017 843 2059 succurrerit
869 2017 998 2071 Pyth.
1014 2016 1075 2058 IV
1097 2018 1148 2057 14
1171 2030 1265 2070 sqq.
1294 2018 1408 2071 φαμὶ
1423 2017 1506 2070 γὰρ
1523 2015 1644 2056 τᾶσδ’
1663 2013 1711 2066 ἐξ
1729 2013 2033 2067 ἁλιπλάγκτου

337 2090 446 2132 ποτὲ
469 2093 548 2144 γᾶς
571 2090 800 2143 Ἐπάφοιο
827 2091 968 2143 κόραν
995 2089 1168 2129 ἀστέων
1192 2088 1321 2141 ῥίζαν
1346 2085 1653 2141 φυτεύσεσθαι
1673 2085 2033 2139 μελησίμβροτον

337 2160 434 2212 Διὸς
468 2161 516 2202 ἐν
539 2159 795 2212 ’Ἄμμωνος
826 2159 1083 2211 θεμέθλοις,
1118 2157 1236 2212 quod
1264 2155 1558 2198 Callimachus
1590 2156 1713 2197 recte
1745 2154 1801 2196 ad
1834 2153 2034 2208 Cyrenas

337 2229 571 2272 rettulerit:
607 2229 668 2271 ita
699 2229 785 2270 iam
812 2228 1048 2270 scholiasta
1073 2226 1304 2278 intellexit,
1340 2226 1413 2282 qui
1441 2229 1590 2267 tamen
1619 2224 1665 2266 in
1693 2225 1779 2266 hoc
1806 2223 2032 2275 haerebat,

339 2301 559 2357 quomodo
598 2299 715 2342 Iovis
747 2298 976 2341 Ammonis
1014 2298 1320 2348 fundamenta,
1361 2296 1484 2338 cuius
1517 2295 1732 2351 templum
1765 2293 1870 2336 satis
1901 2294 2035 2348 longe

339 2371 534 2422 distaret,
563 2385 663 2412 cum
692 2370 762 2412 illa
780 2370 889 2412 urbe
913 2369 1301 2423 coniungerentur.
1355 2367 1411 2408 At
1433 2379 1753 2422 saepenumero
1776 2364 1821 2406 in
1844 2363 2036 2406 nummis

340 2441 585 2496 cyrenaieis
601 2444 735 2496 caput
749 2440 866 2483 Iovis
878 2439 1107 2481 Ammonis
1121 2440 1505 2494 repraesentatum
1522 2439 1645 2488 est1)‚
1658 2438 1708 2477 ut
1721 2449 1813 2478 non
1826 2434 2036 2477 audacius

341 2512 398 2553 sit
420 2511 622 2553 conicere
647 2511 848 2565 Cyrenas
875 2509 1077 2562 „moenia
1093 2508 1347 2551 Ammonis“
1370 2510 1552 2551 vocatas
1575 2521 1684 2549 esse.
1718 2506 1874 2561 Itaque
1897 2503 2036 2548 voluit

339 2581 528 2624 fortasse
556 2581 863 2632 Callimachus,
897 2584 946 2622 ut
969 2581 1023 2622 ad
1048 2594 1147 2623 eum
1180 2579 1426 2630 redeamus,
1461 2578 1644 2620 Medeae
1667 2575 1943 2632 promissum,
1978 2574 2036 2616 ibi

340 2652 494 2694 urbem
529 2655 755 2703 staturam,
797 2651 969 2693 sancire
1008 2653 1051 2693 et
1084 2649 1210 2706 quasi
1241 2663 1459 2692 renovare
1491 2648 1647 2690 eadem
1679 2660 1790 2690 voce
1822 2660 1946 2698 usus3
1981 2646 2036 2687 ad

343 2722 542 2777 Cyrenas
588 2722 704 2764 enim
749 2722 833 2763 hoc
878 2735 1056 2763 carmen
1100 2720 1324 2777 pertinere
1370 2734 1473 2761 mox
1517 2732 1596 2774 per
1641 2731 1687 2760 se
1732 2715 1933 2759 elucebit.
1984 2742 2033 2745 —

461 2898 486 2941 ¹)
509 2898 578 2932 Cir.
601 2897 707 2932 Head
726 2897 810 2931 hist.
831 2907 962 2930 numm.
982 2897 995 2915 ‘2
1014 2897 1083 2930 865
1103 2906 1178 2938 sqq.
1197 2895 1331 2929 Eodem
1345 2894 1498 2928 fortasse
1513 2896 1666 2937 spectat,
1682 2893 1775 2934 quod
1790 2892 1940 2935 Cyrenis
1955 2902 2036 2934 per-

342 2956 478 2990 multae
497 2956 645 3000 tegulae
665 2957 709 2990 ab
730 2956 956 2989 Ameiicanis
975 2956 1147 2989 inventae
1167 2958 1252 2989 sunt
1275 2953 1370 2995 Ζεύς
1390 2953 1533 2986 nomine
1559 2953 1771 2995 impressae3
1799 2950 1843 2984 ad
1863 2949 2038 2992 templum

342 3015 438 3049 Iovis
449 3016 633 3049 Ammonis
644 3016 823 3057 pertinere
835 3015 1042 3057 suspicatus
1057 3017 1113 3048 est
1120 3013 1268 3053 Norton,
1281 3012 1375 3046 Bull.
1388 3009 1946 3046 ofarchaeoljnstit.ofAmer.11
1960 3009 2037 3042 152.
