2180 3482
766 234 819 268 De
844 234 1012 277 pericopa
1038 237 1200 268 extrema
1771 237 1825 277 79

137 339 353 383 Invidiam
385 353 410 381 a
443 338 710 381 Callimacho
734 339 903 393 grande
936 353 1047 394 opus
1074 342 1289 395 repetere,
1323 338 1571 395 Apollinem
1594 343 1825 395 poetarum

138 411 268 453 deum
310 408 503 452 indicare
547 408 626 450 sibi
675 410 811 451 tenue
860 423 1037 451 carmen
1086 410 1290 451 omnibus
1337 409 1531 452 numeris
1579 409 1825 465 perfectum

137 480 277 535 magis
308 479 485 536 probari
519 493 651 534 quam
686 479 868 533 longum
902 493 1079 521 carmen
1114 479 1301 534 epicum,
1341 479 1385 521 in
1426 494 1512 535 quo
1552 495 1641 521 non
1680 480 1828 522 omnia

138 551 293 593 eadem
325 548 553 604 diligentia
576 549 781 605 perpoliri
806 553 940 605 atque
968 549 1136 592 absolvi
1163 550 1346 604 possint.
1382 551 1504 592 Haec
1532 550 1658 591 nobis
1681 565 1825 605 gram-

136 620 396 662 maticorum
415 619 800 661 alexandrinorum
821 619 1222 662 controversiarum
1240 620 1555 662 documentum
1574 623 1688 662 sunt.
1715 620 1825 662 Cum

137 690 218 732 sshs
251 704 356 733 vero
391 689 1825 745 quicontendantssxpossinenilstohfflnaeuniregenisugnifficare‚

137 761 391 802 Phthonum
424 760 545 802 calce
577 774 838 816 percussum
866 759 991 816 quasi
1017 761 1239 815 quandam
1269 760 1465 815 effigiem
1488 760 1708 815 Apollonii
1731 775 1827 803 esse

137 845 161 873 e
192 830 545 873 Ptolemaeorum
579 831 679 873 aula
704 830 829 886 pulsi,
858 844 914 872 ne
939 845 1090 886 pugno
1116 830 1311 886 quidem:
1346 830 1564 885 ineptiora
1588 830 1703 873 enim
1727 845 1826 887 pro—

135 900 283 944 ferunt
319 915 450 956 quam
490 915 604 956 quae
642 900 836 942 refutare
877 916 987 956 opus
1027 900 1082 942 sit
1098 901 1137 947 ¹).
1200 900 1390 943 Diversa
1429 903 1495 943 est
1534 915 1683 943 eorum
1724 916 1826 943 con-

136 971 263 1023 dicio,
298 971 371 1026 qui
406 970 662 1013 existiment
693 970 944 1026 Apollinem
975 970 1239 1026 Apollinem,
1274 971 1526 1012 Phthonum
1561 972 1827 1024 Phthonum,

135 1041 243 1083 rnhfl
276 1041 394 1083 ahud
433 1055 542 1092 eSfflQ
582 1044 717 1096 atque
755 1044 906 1083 Hunen
940 1040 1477 1083 Cassnnachun]·vkffoffia
1509 1040 1827 1097 de.ApoUonu)

136 1112 306 1154 aemulo
346 1115 572 1167 reportata
610 1112 721 1153 haec
760 1111 1000 1166 scripsisse,
1043 1125 1144 1152 cum
1178 1110 1249 1152 ille
1287 1110 1374 1152 iam
1407 1125 1454 1153 se
1487 1112 1692 1153 Rhodum
1725 1126 1827 1154 con-

134 1182 307 1225 tulisset
320 1181 362 1236 ²).
411 1181 560 1237 Atque
592 1181 728 1224 fuisse
761 1196 861 1223 cum
886 1180 1180 1223 Callimachus
1215 1195 1314 1223 cum
1346 1181 1580 1236 Apollonio
1614 1181 1827 1237 discipulo

136 1255 426 1304 concertaret,
450 1252 537 1293 iam
558 1251 714 1306 negari
737 1266 827 1293 non
852 1254 1019 1306 potest3
1047 1252 1132 1293 hoc
1153 1251 1249 1293 loco
1275 1251 1593 1294 Callimachum
1616 1252 1828 1295 adversus

135 1322 417 1379 Apollonium
442 1336 643 1378 pugnare
666 1321 958 1378 pervicaciter
980 1335 1110 1376 nego,
1135 1336 1238 1363 nam
1256 1321 1539 1378 Apollonium
1561 1323 1680 1364 hunc
1701 1323 1827 1377 hym-

136 1409 241 1436 num
294 1393 506 1435 imitando
559 1392 831 1448 expressisse
881 1406 1024 1447 nuper
1075 1396 1132 1447 (p.
1169 1395 1223 1434 70
1246 1397 1360 1448 sqq.)
1413 1393 1826 1446 demonstravimus,

137 1465 255 1521 quod
286 1463 600 1515 non.fecssffieh
636 1463 989 1505 si(]asshnachus
1021 1464 1105 1505 hoc
1137 1462 1232 1518 ipso
1267 1462 1460 1505 carnune
1492 1463 1826 1506 adversusessun

136 1537 392 1590 pugnasset.
460 1533 656 1575 Dubium
691 1536 840 1576 autem
874 1547 960 1575 non
996 1535 1063 1575 est
1096 1533 1201 1589 quin
1235 1533 1360 1575 multi
1394 1533 1649 1576 Callimachi
1683 1537 1828 1577 aetate

135 1605 313 1657 tuerint,
348 1604 423 1660 qui
456 1604 510 1646 ab
545 1618 595 1646 eo
630 1618 807 1646 carmen
843 1603 1019 1659 epicum
1047 1603 1189 1646 iustae
1212 1603 1529 1658 magnitudinis
1552 1607 1839 1659 repeterent3‘

136 1675 267 1718 etiam
313 1674 502 1726 scholiis,
550 1674 655 1716 satis
702 1673 861 1716 ieiunis
905 1673 988 1715 illis
1034 1673 1226 1729 quidem,
1271 1673 1401 1716 facile
1446 1673 1664 1716 credimus
1708 1675 1828 1717 illum

138 1746 351 1789 Hecalam
383 1744 594 1800 grandius
629 1758 808 1786 carmen
841 1743 1082 1799 scripsisse,
1117 1746 1166 1786 ut
1199 1743 1551 1787 adversariorum
1585 1745 1828 1787 calumnias

135 1817 438 1871 redargueret.
532 1815 578 1857 Si
631 1815 728 1871 quis
790 1814 1075 1857 existumabit
1134 1814 1174 1856 ei
1232 1815 1445 1857 adversus
1504 1830 1642 1856 unum
1694 1815 1827 1871 Apol-

133 1886 299 1929 lonium
348 1886 420 1928 illo
470 1885 666 1928 carmine
707 1885 917 1928 dimicare
959 1899 1071 1940 opus
1112 1884 1261 1937 fuisse,
1324 1884 1560 1928 manifesto
1607 1885 1770 1928 errabit
1784 1886 1827 1937 ³).

135 1957 291 2013 Neque
324 1955 619 1999 Callimachus
667 1970 755 1998 uno
802 1955 979 2012 quidem
1027 1955 1163 1998 verbo
1211 1955 1424 1998 indicavit
1462 1955 1581 1997 illum
1631 1956 1706 2011 qui
1748 1956 1829 1998 sibi

135 2026 450 2079 maledixisset,
494 2029 671 2082 poetam
705 2040 815 2068 esse.
880 2026 991 2068 Nam
1024 2025 1191 2068 invidia
1222 2040 1313 2068 non
1345 2028 1520 2067 tantum
1558 2026 1828 2068 aemulorum

135 2111 290 2140 verum
323 2097 456 2140 etiam
488 2097 682 2139 iudicum
704 2096 848 2138 minus
871 2096 1180 2140 benivolorum
1204 2110 1229 2137 a
1251 2095 1393 2151 poetis
1417 2096 1673 2151 exprobrari
1697 2097 1827 2150 solet,

136 2167 405 2223 quicumque
447 2167 564 2210 enim
607 2168 661 2210 de
704 2166 901 2209 carmine
943 2166 1087 2208 minus
1130 2166 1338 2209 benivole
1385 2165 1666 2218 iudicaverit,
1710 2166 1829 2208 illum

136 2237 217 2279 sibi
260 2237 461 2281 invidere
503 2240 638 2293 poeta
679 2237 892 2280 censebit.
957 2236 1182 2289 Horatius,
1226 2251 1277 2279 eo
1318 2237 1415 2279 loco
1455 2239 1605 2290 (carm.
1630 2237 1670 2278 Π
1693 2239 1761 2288 20,
1784 2239 1828 2291 4)

135 2307 210 2349 ubi
242 2307 324 2350 sibi
355 2310 480 2363 optat
512 2311 560 2350 ut
587 2308 641 2350 ab
663 2307 892 2349 hominum
919 2306 1182 2349 commercio
1206 2309 1366 2349 invidia
1388 2310 1523 2349 maior
1546 2307 1705 2359 avolet,
1738 2321 1829 2349 non

135 2380 310 2420 tantum
343 2378 539 2421 aemulos
572 2380 746 2434 spectat
778 2380 995 2434 quantum
1018 2391 1171 2419 omnes
1195 2377 1270 2433 qui
1293 2376 1375 2418 sibi
1397 2377 1594 2419 debitum
1615 2378 1829 2420 honorem

254 2555 280 2599 ¹)
306 2554 418 2588 Doleo
444 2555 481 2588 in
506 2554 573 2588 hoc
598 2565 745 2588 numero
772 2555 891 2589 virum
915 2554 1026 2588 fuisse
1054 2554 1188 2596 optimo
1215 2553 1347 2587 iudicio
1374 2556 1412 2587 ct,
1428 2553 1604 2597 singulari
1623 2553 1830 2588 litterarum

134 2612 444 2648 hellenisticarum
471 2613 637 2647 doctrina
663 2613 860 2657 Georgium
878 2612 1033 2647 Knaack
1059 2612 1152 2656 (PW
1171 2611 1206 2645 II
1226 2612 1318 2656 127).
1361 2612 1562 2646 Historiam
1587 2611 1693 2646 huius
1718 2613 1829 2646 inter—

135 2673 351 2714 pretationis
383 2672 465 2706 inde
498 2673 543 2707 ab
570 2672 676 2706 Isaac
701 2673 830 2707 Vossio
863 2675 992 2706 narrat,
1017 2672 1058 2704 A.
1080 2670 1220 2704 Gercke
1252 2670 1333 2714 (Rh.
1353 2670 1443 2704 Mus.
1463 2670 1581 2705 XLIV
1608 2670 1707 2714 1889,
1736 2670 1828 2715 127),

135 2731 197 2772 qui
227 2731 303 2774 ipse
335 2732 454 2766 minus
484 2734 582 2765 recte
614 2732 729 2765 sentit
761 2730 835 2774 (cfr.
856 2741 888 2774 p.
911 2729 1121 2773 146—148).
1173 2729 1243 2762 Cfr.
1271 2727 1494 2763 Studniczka
1525 2739 1674 2771 quoque,
1707 2728 1827 2762 Herm.

135 2788 294 2824 XXVIII
321 2789 422 2832 1893,
450 2790 504 2824 15.

252 2847 279 2892 2)
305 2847 442 2881 Horum
468 2850 588 2882 sectae
608 2847 864 2882 adscribendus
893 2850 949 2881 est
969 2846 1024 2881 vel
1046 2846 1086 2880 U.
1106 2846 1148 2879 de
1167 2845 1413 2881 Wilamowitz
1441 2845 1554 2890 (Goth.
1576 2845 1704 2880 Nachr.
1727 2845 1828 2888 1893,

135 2915 168 2948 p.
189 2906 281 2952 746).

253 2964 280 3009 3)
305 2965 418 2999 Recte
450 2965 492 2999 de
522 2964 588 3000 hoc
620 2964 696 2999 loco
728 2965 937 2999 iudIcarunt
963 2963 1103 3000 Vahlen
1134 2973 1167 3006 p.
1187 2962 1267 3006 826,
1294 2962 1426 2997 Beloch
1454 2962 1608 3007 (Griech.
1628 2961 1753 2997 Geseh.
1773 2961 1829 2997 III

136 3023 168 3065 2,
195 3023 288 3068 496).
