2180 3482
741 248 794 282 De
820 248 972 283 Atlante
998 253 1035 283 et
1063 249 1243 292 Euphemo
1757 254 1837 294 139

148 353 381 395 discrimen
399 352 671 396 levissimum
691 353 865 397 videtur
880 354 928 407 ¹);
953 354 1118 397 scilicet
1138 355 1196 396 illi
1215 357 1357 398 coloni
1382 357 1456 412 qui
1479 358 1533 399 de
1548 356 1775 399 Thessalia
1791 356 1834 398 in

147 423 374 466 Boeotiam
398 423 658 478 migrarunt,
684 424 815 466 deum
838 424 931 467 sive
953 425 1134 467 heroem
1158 440 1285 468 suum
1309 427 1441 469 variis
1459 427 1651 469 heroinis
1668 426 1836 469 boeoti-

146 493 208 535 cis
226 496 562 548 arrogaverunt,
584 497 715 549 prout
734 495 1013 536 commodum
1033 495 1284 538 videbatur:
1304 499 1510 552 Europae
1529 497 1645 539 enim
1664 497 1836 551 religio-

146 563 213 605 nis
262 563 525 607 thessalicae
538 563 567 618 2)
612 564 850 619 vestigium
906 565 1071 607 nullum
1126 570 1286 619 exstat,
1341 581 1494 610 verum
1544 567 1578 608 si
1626 567 1835 619 fatemur3

147 636 191 676 at
245 634 475 677 Lebadeae
522 635 735 690 templum
792 634 965 677 Cereris
1014 639 1095 692 τὴν
1148 639 1382 694 ἐπίκλησιν
1429 639 1654 694 Εὐρώπης
1701 637 1837 680 fuisse

145 704 271 747 testis
305 708 370 746 est
393 704 636 746 Pausanias
671 705 751 759 (IX
775 708 844 757 39,
868 708 927 760 4),
970 706 1011 748 id
1047 710 1113 749 est
1146 707 1309 750 veteris
1343 708 1452 750 deae
1487 708 1690 763 Europae
1723 722 1838 763 quae

146 777 301 830 postea
345 789 443 817 cum
479 774 641 818 Cerere
683 775 728 817 in
769 791 905 818 unum
949 777 1128 829 coaluit,
1176 792 1277 819 cum
1318 777 1433 820 idem
1467 778 1548 831 (IX
1577 780 1640 829 19,
1670 780 1709 831 1)
1743 781 1835 819 tum

144 844 435 887 Antimachus
484 846 619 901 (apud
667 847 944 901 Stephanum
992 862 1023 888 s.
1059 863 1098 890 v.
1139 848 1414 904 Τευμησσός)
1459 851 1649 890 testatur
1686 849 1837 891 Iovem

145 930 244 958 cum
269 930 320 958 ea
342 917 377 957 T
382 916 571 958 eumessi
596 916 901 960 concubuisse.
958 917 1150 960 Colonos
1172 932 1277 960 vero
1300 919 1518 961 thessalos
1540 918 1585 960 in
1608 918 1837 960 Boeotiam

144 985 357 1039 migrasse
382 987 466 1038 vel,
491 1001 570 1042 per
591 1001 661 1029 me
684 987 787 1030 licet
810 988 977 1039 credaS,
1007 988 1198 1030 eundem
1222 989 1434 1044 populum
1457 988 1558 1030 olim
1586 988 1631 1029 in
1654 988 1837 1031 Boeotia

144 1059 278 1112 atque
319 1056 362 1098 in
397 1057 625 1100 Thessalia
663 1057 887 1100 habitasse
927 1072 980 1100 ex
1023 1058 1118 1113 ipsa
1151 1058 1440 1100 dialectorum
1472 1058 1645 1101 ratione
1678 1059 1835 1101 elucet.

145 1126 230 1178 Qui
259 1126 453 1169 fabulam
477 1128 531 1170 de
553 1127 823 1182 Argonautis
851 1131 1210 1184 composuerunt,
1245 1128 1517 1171 Thessaliam
1541 1132 1585 1171 et
1608 1129 1837 1172 Boeotiam

144 1197 218 1240 vix
252 1197 564 1240 distinxerunt.

260 1268 479 1324 Euphemi
512 1271 663 1310 tamen
696 1268 820 1321 ratio,
856 1283 1126 1325 quamquam
1159 1269 1404 1325 antiquitus
1444 1284 1544 1312 eum
1577 1270 1836 1312 Thessalum

141 1338 278 1382 fuisse
316 1353 447 1382 nemo
488 1342 555 1381 est
594 1339 669 1394 qui
708 1342 857 1394 neget,
898 1353 949 1382 eo
988 1339 1167 1382 nomine
1211 1340 1295 1382 alia
1334 1343 1401 1383 est
1440 1355 1571 1396 quam
1604 1341 1835 1396 Eurypyli,

143 1409 343 1461 Prothoi,
387 1409 552 1461 Gunei,
601 1410 719 1465 quod
760 1409 831 1451 isti
874 1409 918 1451 in
959 1410 1119 1452 fabulis
1161 1411 1482 1466 cyrenensibus
1524 1411 1569 1452 in
1611 1411 1838 1453 Thessalia

142 1479 365 1522 habitasse
398 1479 619 1531 dicuntur,
653 1479 772 1522 illinc
804 1480 849 1521 in
882 1480 1069 1535 Libyam
1102 1480 1292 1533 venisse,
1326 1481 1399 1524 hic
1430 1497 1544 1524 unus
1579 1482 1633 1523 ad
1665 1483 1834 1524 Taena-

142 1565 237 1592 rum
276 1550 513 1592 habitasse.
578 1551 676 1592 Hoc
715 1553 978 1604 argumento
1017 1551 1254 1593 Maltenius
1293 1551 1461 1604 nititur,
1501 1555 1550 1594 ut
1587 1566 1678 1593 non
1716 1551 1837 1593 illum

143 1620 284 1662 solum
317 1634 473 1663 verum
507 1620 640 1663 etiam
672 1620 866 1676 reliquos
906 1621 1069 1676 pariter
1102 1622 1409 1677 Peloponneso
1444 1622 1654 1674 vindicet,
1693 1622 1737 1664 id
1771 1613 1838 1665 est

141 1690 263 1746 genti
302 1691 362 1732 illi
401 1705 515 1747 quae
556 1691 744 1747 primum
787 1691 841 1734 de
880 1692 1107 1734 Thessalia
1144 1692 1189 1733 in
1228 1693 1585 1748 Peloponnesum
1623 1692 1835 1748 migrarit,

142 1764 300 1817 postea
330 1761 436 1803 111110
468 1762 595 1818 pulsa
627 1761 672 1803 in
704 1761 904 1817 Libyam.
939 1789 993 1792 —
1027 1763 1125 1805 Hoc
1157 1762 1216 1804 illi
1249 1764 1587 1806 concedendum
1620 1767 1699 1815 est,
1734 1763 1835 1805 Pin-

141 1832 295 1874 darum
328 1832 438 1874 duas
471 1832 668 1875 diversas
700 1832 872 1875 fabulas
905 1833 949 1874 in
982 1848 1118 1875 unum
1144 1833 1381 1876 conflasse:
1416 1848 1518 1876 nam
1543 1834 1618 1890 qui
1640 1834 1833 1890 scripsit:

144 1902 216 1955 „Si
240 1903 498 1958 Euphemus
532 1903 648 1945 illam
680 1904 870 1958 glebam,
904 1903 1071 1958 Libyae
1105 1918 1270 1956 semen,
1306 1905 1485 1946 domum
1508 1905 1563 1946 ad
1586 1906 1834 1947 Taenarum

143 1976 362 2028 portatam
386 1973 473 2015 illic
505 1974 623 2029 apud
647 1973 748 2016 Orci
772 1973 925 2016 fauces
950 1975 1241 2030 deposuisset,
1276 1978 1483 2030 quartum
1517 1975 1609 2017 eius
1641 1990 1783 2030 genus
1810 1990 1836 2017 a

141 2044 450 2099 Peloponneso
475 2044 725 2100 profectum
752 2044 939 2100 Libyam
966 2045 1269 2098 subiecissetf‘,
1304 2045 1423 2087 illum
1450 2045 1735 2088 manifestum
1770 2049 1835 2088 est

140 2114 362 2157 audivisse
394 2114 481 2156 iam
507 2117 711 2170 quartam
733 2114 953 2170 Euphemi
976 2115 1235 2171 progeniem
1258 2116 1566 2172 Peloponneso
1591 2116 1835 2171 profectam

139 2184 326 2240 Libyam
374 2199 629 2241 occupasse.
710 2185 880 2228 Pariter
922 2187 1258 2229 concedendum
1307 2189 1373 2229 est
1421 2188 1611 2229 Theram
1659 2187 1835 2229 fabulae

142 2254 371 2298 vetustiori
396 2255 577 2299 invitam
603 2256 869 2298 inculcatam
896 2270 1012 2309 esse;
1041 2271 1157 2309 nam,
1182 2256 1284 2299 inde
1307 2258 1425 2313 quod
1447 2257 1579 2312 gleba
1601 2258 1833 2300 custodum

140 2325 309 2367 incuria
341 2326 396 2368 de
427 2326 531 2370 navi
564 2327 710 2369 delata
742 2327 800 2368 illi
832 2326 1003 2369 insulae
1036 2327 1216 2370 fortuito
1257 2328 1444 2370 adnasse
1478 2331 1695 2380 narratur,
1735 2328 1835 2370 inde

140 2396 285 2439 elucet
317 2397 401 2439 1100
434 2397 559 2453 quasi
592 2397 944 2440 additamentum
988 2398 1210 2453 quoddam
1248 2412 1415 2441 novum
1456 2401 1499 2440 et
1532 2412 1688 2441 recens
1723 2414 1832 2451 esse,

257 2515 281 2558 ¹)
309 2514 424 2548 Nihili
462 2518 518 2549 est
556 2516 649 2557 quod
676 2515 843 2559 Hyginus
878 2515 949 2550 fab.
973 2516 1038 2550 157
1066 2516 1292 2558 Euphemum
1319 2515 1532 2551 Celaenonis
1559 2516 1684 2559 filium,
1723 2517 1833 2561 Ergei

139 2576 305 2616 nepotem
340 2573 445 2615 dicit;
481 2574 655 2615 siquidem
690 2575 783 2607 enim
820 2575 890 2608 iste
916 2575 1055 2618 Ergeus
1088 2574 1181 2608 idem
1214 2578 1270 2608 est
1301 2578 1410 2616 atque
1436 2575 1595 2619 Erginus
1621 2575 1833 2609 Orchomeni

138 2642 210 2674 rex,
247 2636 528 2666 consentaneum
564 2636 644 2666 erat
676 2633 871 2675 aliquando
898 2634 1002 2667 navis
1028 2634 1148 2677 Argus
1183 2634 1462 2677 gubernatorem
1497 2644 1578 2668 cum
1613 2633 1832 2668 Orchomeno

139 2692 318 2734 coniungi.
347 2711 390 2715 -—
417 2691 459 2725 In
478 2691 622 2734 Cypseli
648 2702 732 2726 arca
758 2692 878 2735 (Paus.
898 2692 931 2727 V
954 2693 1004 2735 17,
1025 2693 1070 2737 9),
1098 2694 1186 2726 item
1211 2693 1248 2725 in
1274 2692 1336 2726 illo
1363 2693 1455 2734 quod
1482 2693 1563 2727 inde
1588 2693 1722 2735 pendet
1747 2703 1832 2727 vase

138 2749 326 2793 corinthio,
374 2751 467 2792 quod
501 2751 644 2784 Hauser
678 2754 715 2785 et
758 2750 1028 2794 elegantissime
1083 2750 1347 2794 depingendum
1393 2752 1535 2785 curavit
1569 2754 1606 2785 et
1640 2751 1833 2786 scitissime

137 2808 314 2843 iudicavit
333 2809 989 2854 (Furtwangler-Reichhold-klauser,
1017 2809 1158 2844 Griech.
1178 2809 1448 2844 Vasenmalerei
1467 2810 1533 2852 ΙΙΙ,
1560 2810 1634 2844 tab.
1657 2811 1733 2852 121,
1755 2811 1831 2854 122,

138 2878 171 2910 p.
193 2868 322 2911 lsqq.),
349 2867 555 2911 Euphemus
582 2872 703 2902 utrum
730 2868 946 2911 Cyrenensis
973 2880 1019 2902 an
1046 2868 1240 2903 Thessalus
1266 2869 1458 2903 victoriam
1483 2869 1650 2912 bigarum
1675 2870 1712 2902 in
1738 2869 1832 2903 ludis

138 2925 183 2960 ad
210 2926 334 2960 Peliae
359 2927 540 2961 tumulum
565 2931 756 2970 reportans
783 2930 1087 2970 repraesentetur,
1115 2928 1258 2961 omnino
1284 2938 1354 2961 non
1382 2930 1538 2962 constat.

257 2985 284 3028 2)
311 2985 493 3028 Europam
519 2996 598 3020 cum
624 2986 709 3021 Iove
736 2985 921 3032 Εὐρυόπᾳ
948 2986 1019 3021 11110
1053 2986 1155 3020 1110ᾶο
1189 2986 1377 3021 cohaerere
1409 2990 1506 3021 recte
1541 2988 1692 3031 negavit
1718 2987 1831 3021 Wolf-

138 3053 280 3088 gangus
305 3043 376 3087 Aly
402 3044 551 3079 Glottae
577 3046 609 3080 V
630 3045 684 3079 63.
