2180 3482
361 227 414 266 72
1000 223 1053 257 De
1078 223 1210 266 hymno
1236 223 1416 266 Apollinis

358 330 606 384 Aeschylus
624 329 751 374 Eum,
771 330 825 369 22
844 327 1051 383 Pythiam
1072 328 1167 370 illas
1191 332 1481 372 venerantem
1503 328 1627 372 fecit:
1654 331 1767 386 σέβω
1792 331 1840 373 δὲ
1862 333 2054 386 νύμφας,

360 402 476 443 ἔνθα
494 401 708 455 Κωρυκὶς
727 401 865 454 πέτρα
884 400 1024 455 κοίλη,
1056 401 1258 455 φίλορνις
1282 401 1513 453 δαιμόνων
1537 403 1811 456 ἀναστροφή.
1847 400 2057 456 Sequitur

361 474 556 526 Βρόμιος
589 472 678 523 ἔχει
711 471 789 511 τὸν
821 475 983 525 χῶρον,
1026 471 1118 512 οὐδ’
1153 472 1416 525 ἀμνημονῶ,
1458 470 1506 522 ἐξ
1539 473 1639 513 οὗτε
1672 473 1872 525 Βάκχαις
1906 473 2056 527 ἐστρα-

361 545 549 596 τήγησεν
587 541 708 592 θεός,
750 541 874 595 λαγὼ
915 540 1044 595 δίκην
1076 542 1256 583 Πενθεῖ
1284 543 1580 597 καταρράψας
1611 543 1767 598 μόρον.
1831 542 1944 584 Item
1978 541 2056 583 So-

360 611 542 667 phocles
590 611 810 666 nymphas
859 609 1059 665 coryeias
1114 610 1160 652 in
1215 610 1287 652 illa
1335 624 1530 653 caverna
1576 611 1791 654 saltantes
1833 613 2059 665 Βακχίδας

362 680 602 737 appellavit
636 679 785 735 Antig.
810 695 851 723 v.
880 682 991 722 1126
1011 695 1126 736 sqq:
1162 683 1209 723 σε’
1243 680 1471 734 (Liberum
1497 681 1618 735 dicit)
1654 683 1692 724 δ’
1723 683 1838 738 ὑπὲρ
1872 683 2060 738 διλόφου

361 755 528 808 πέτρας
574 753 741 808 στέροψ
781 752 939 794 ὄπωπε
977 752 1144 806 λιγνύς,
1190 753 1306 794 ἔνθα
1339 753 1575 808 Κωρύκιαι
1618 756 1794 808 νύμφαι
1842 757 2060 808 στείχουσι

362 824 598 877 Βακχίδες,
632 823 896 874 Κασταλίας
912 837 958 864 τε
980 827 1116 875 νᾶμα.
1165 821 1400 878 Euripides
1422 822 1588 877 pariter
1610 823 1772 865 Bacch.
1796 839 1837 866 v.
1859 826 1943 865 556
1963 838 2058 880 sqq.

363 893 571 936 Liberum
598 907 698 935 cum
722 892 1027 935 cacuminibus
1051 892 1229 948 Corycii
1262 892 1454 948 delphici
1477 892 1729 935 coniunxit:
1764 895 1879 936 πόθι
1901 896 2061 946 Νύσας

363 968 452 1022 ἄρα
483 970 561 1017 τᾶς
594 965 883 1021 θηροτρόφου
916 965 1223 1020 θυρσοφορεῖς
1256 965 1461 1016 θιάσους,
1497 967 1531 1006 ὦ
1555 963 1746 1016 Διόνυσ’,
1782 967 1808 1019 ἢ
1839 970 2061 1021 κορυφαῖς

362 1036 643 1091 Κωρυκίαιςι
690 1034 784 1077 sedi
823 1034 940 1076 enim
980 1034 1050 1077 dei
1088 1034 1319 1090 delphicae
1359 1034 1481 1089 Nysa
1519 1034 1770 1090 opponitur.
1841 1034 1900 1076 At
1945 1048 1967 1077 e
2008 1034 2061 1076 ti-

363 1106 479 1157 tulis,
505 1105 579 1162 qui
596 1105 641 1147 in
664 1105 759 1161 ipso
783 1105 896 1147 illius
923 1105 1038 1147 antri
1061 1105 1183 1147 aditu
1205 1104 1378 1148 inventi
1395 1107 1500 1146 sunt
1519 1105 1696 1157 (Athen.
1721 1104 1833 1147 Mitt.
1852 1105 1914 1147 III
1937 1107 2060 1157 1878,

370 1179 481 1229 154),
526 1177 671 1219 elucet
703 1176 798 1218 illas
831 1177 1052 1231 nymphas
1084 1176 1129 1217 in
1162 1175 1377 1230 religione
1410 1175 1614 1231 delphica
1645 1189 1737 1218 non
1771 1190 1871 1218 cum
1903 1175 2061 1218 Libero

366 1248 444 1291 sed
477 1262 577 1289 cum
610 1247 731 1289 Pane
765 1246 1042 1289 consociatas
1076 1260 1185 1289 esse.
1234 1245 1447 1288 Confusio
1480 1245 1689 1302 proclivis
1722 1247 1841 1289 unde
1874 1249 1970 1288 orta
1993 1245 2061 1299 sit,

367 1317 558 1361 ostendit
593 1317 849 1369 PausaniaS,
891 1331 992 1359 cum
1024 1319 1175 1359 narret
1209 1317 1267 1368 (X
1291 1319 1360 1368 32,
1386 1319 1429 1370 7)
1464 1331 1702 1360 cavernam
1734 1317 1851 1359 illam
1885 1317 2063 1373 quidem

366 1389 672 1444 Nympharum
706 1391 750 1430 et
782 1387 915 1430 Panis
948 1401 1118 1430 sacram
1152 1401 1261 1439 esse,
1294 1387 1340 1429 in
1371 1387 1510 1443 ipsius
1542 1388 1726 1430 Parnasi
1759 1387 2063 1430 cacuminibus

365 1460 572 1515 Thyadas
605 1459 763 1502 Libero
811 1462 853 1502 et
891 1458 1085 1515 Apollini
1129 1458 1348 1500 bacchari.
1412 1458 1561 1514 Atque
1605 1458 1722 1501 idem
1768 1458 2063 1501 Callimachus

367 1530 599 1586 Cydippae
647 1529 886 1585 fragmenti
933 1543 1077 1585 nuper
1123 1529 1288 1585 reperti
1341 1529 1527 1584 (Oxyrh.
1559 1530 1665 1585 Pap.
1699 1529 1782 1572 VII
1818 1531 1890 1584 27)
1933 1545 1974 1572 v.
2009 1532 2064 1571 56

367 1601 643 1644 Xenomedis
674 1600 880 1643 historias
914 1614 1126 1643 enarrans
1164 1599 1301 1642 refert
1341 1601 1563 1656 nymphas
1603 1599 1803 1655 corycias
1837 1600 1977 1643 Ceum
2009 1600 2065 1642 ad

367 1672 555 1714 insulam
577 1675 671 1714 tum
694 1686 874 1727 prorsus
897 1672 1117 1714 desertam
1150 1670 1341 1723 venisse,
1376 1685 1476 1713 cum
1507 1671 1668 1726 ingens
1690 1671 1758 1713 leo
1783 1684 1857 1714 eas
1878 1670 2065 1727 Delphis

367 1743 628 1799 pepulisset:
676 1746 898 1799 ἄρχμενος
947 1745 1005 1795 ὡς
1043 1746 1272 1799 νύμφῃσιν
1311 1744 1484 1784 ἐναίετο
1528 1743 1805 1799 Κωρυκίῃσι,
1853 1744 1931 1795 τὰς
1973 1743 2065 1785 ἀπὸ

368 1815 645 1870 Παρνησσοῦ
677 1815 747 1866 λῖς
781 1815 937 1856 ἐδίωκε
968 1815 1120 1869 μέγας.
1186 1812 1505 1855 Callimachum
1538 1812 1723 1855 Ovidius
1767 1811 1986 1868 expressit
2017 1814 2065 1854 ut

368 1887 463 1927 tota
477 1884 653 1927 Acontii
673 1884 863 1940 epistula
880 1887 974 1925 tum
991 1882 1269 1939 potissimum
1288 1897 1389 1925 cum
1405 1882 1617 1925 scriberet
1628 1884 1817 1937 (v.221):
1838 1886 1978 1926 insula
1993 1884 2066 1926 Co-

366 1958 492 2013 ryciis
516 1957 729 2012 quondam
751 1957 1013 1998 celeberrima
1034 1956 1227 2012 nymphis
1255 1957 1417 2011 cogatur
1438 1957 1616 2010 Aeyaeo,
1639 1957 1803 1997 nomine
1827 1956 1920 2009 Cea,
1943 1955 2064 1996 ιιιανιῗ.

367 2027 490 2069 Idem
523 2025 708 2069 Ovidius
739 2029 891 2067 narrat
921 2024 1242 2067 Deucalionem
1276 2028 1317 2067 et
1352 2038 1552 2075 uxorem,
1593 2038 1648 2066 ex
1689 2024 1894 2067 omnibus
1926 2023 2065 2066 homi-

368 2097 498 2138 nibus
532 2097 646 2139 solos
680 2095 833 2139 diluvii
864 2096 1140 2152 superstites,
1184 2096 1380 2138 Parnaso
1414 2095 1638 2151 appulisse
1670 2098 1805 2151 atque
1837 2096 1943 2138 deos
1976 2095 2065 2137 del-

368 2166 523 2224 phicos
546 2167 771 2209 adorasse:
806 2167 983 2209 Metam.
1008 2167 1027 2208 1
1051 2168 1136 2208 320
1163 2169 1387 2223 Corycidas
1410 2168 1616 2223 nymphas
1642 2173 1677 2209 et
1705 2168 1882 2209 numina
1913 2168 2066 2208 ‘montis

370 2239 554 2281 adorant
594 2239 899 2294 fatidicamque
942 2239 1115 2280 leemin
1162 2253 1267 2294 quae
1312 2244 1409 2279 teme
1447 2240 1593 2280 oracla
1630 2239 1802 2280 tenebat.
1874 2236 2065 2288 Scilicet,

371 2308 588 2364 siquidem
621 2308 769 2350 omnia
802 2311 930 2350 antra
961 2307 1064 2350 inde
1097 2307 1151 2350 ab
1174 2307 1317 2350 Ulixis
1345 2306 1557 2350 homerici
1590 2310 1737 2350 aetate
1768 2308 2067 2363 nympharum

370 2379 525 2421 domus
549 2379 931 2431 existimabantur,
965 2378 1010 2420 in
1036 2378 1204 2420 nullum
1227 2378 1300 2420 illa
1322 2377 1469 2434 opinio
1493 2377 1639 2433 aptius
1663 2377 1912 2434 quadrabat
1934 2391 2067 2433 quam

369 2449 414 2490 in
448 2463 686 2492 cavernam
720 2450 944 2505 coryciam
983 2463 1116 2491 aureo
1158 2449 1276 2490 illam
1316 2447 1495 2504 quidem
1535 2448 1680 2491 colore
1718 2447 1983 2501 mirabilem3
2023 2447 2067 2490 id

371 2520 489 2576 quod
512 2520 781 2563 Philoxenus
816 2519 883 2571 (fr.
914 2522 963 2562 12
983 2520 1019 2561 B
1043 2534 1111 2576 ap.
1135 2518 1411 2574 Antigonum
1435 2518 1689 2574 Carystium
1717 2521 1792 2561 141
1830 2522 1958 2562 αὐτοὶ
1983 2519 2067 2575 γὰρ

373 2592 446 2634 διὰ
468 2592 749 2647 Παρνασσοῦ
770 2592 1073 2647 χρυσορόφων
1096 2592 1313 2646 νυμφέων
1337 2593 1440 2632 εἴσω
1467 2590 1711 2644 θαλάμων)
1741 2589 2066 2646 quodammodo

370 2664 560 2704 testatur
593 2662 802 2718 quodque
835 2676 935 2704 cum
962 2660 1210 2704 Pausaniae
1232 2660 1293 2714 (X
1317 2662 1386 2711 32,
1412 2662 1454 2714 7)
1477 2659 1731 2702 narratione
1763 2659 1930 2715 optime
1963 2673 2066 2702 con-

372 2731 491 2783 cinit,
527 2731 658 2774 etiam
682 2731 777 2775 sine
798 2731 971 2774 facibus
997 2732 1042 2773 in
1075 2731 1147 2774 illa
1180 2744 1373 2774 caverna
1406 2729 1512 2772 satis
1544 2730 1676 2785 longo
1711 2729 1853 2785 spatio
1887 2729 2068 2786 procedi

371 2817 515 2858 posse.
569 2802 830 2859 Apollonius
862 2802 997 2858 igitur
1019 2802 1133 2844 illam
1163 2801 1462 2857 nympharum
1486 2799 1762 2856 coryciarum
1794 2800 2066 2843 mentionem

371 2872 568 2929 undique
605 2873 651 2915 in
690 2888 818 2915 suum
856 2887 985 2915 usum
1018 2872 1219 2916 derivare
1252 2871 1416 2927 potuit3
1457 2871 1576 2912 unde
1609 2870 1845 2914 verisimile
1878 2870 1934 2912 sit
1966 2884 2067 2913 eum

372 2942 490 2985 illam
523 2943 760 2997 derivasse,
793 2958 898 2986 mox
931 2943 1134 2986 elucebit.

490 3013 562 3066 At,
605 3014 765 3058 dixerit
804 3014 1036 3072 quispiam,
1071 3013 1366 3057 Callimachus
1399 3011 1637 3056 draconem
1671 3025 1761 3055 non
1794 3012 2066 3069 Delphynen
