2180 3482
331 212 412 254 142
962 208 1016 242 De
1041 207 1174 242 fabulis
1199 208 1385 251 cyrenaeis

328 316 511 359 Accedit
561 314 849 356 dialectorum
895 313 1025 365 ratio;
1086 328 1190 355 nam
1249 312 1427 367 linguae
1475 311 1899 368 Peloponnesiorum
1947 311 2022 367 qui

331 402 353 430 e
372 385 598 429 Thessalia
616 384 833 436 venerint,
858 398 904 426 se
928 398 1028 426 cum
1046 383 1282 439 Pelopibus
1305 383 1460 439 priscis
1483 383 1834 438 permiscuerint,
1852 382 2021 423 nullum

331 458 415 499 iam
435 458 773 498 monumentum
792 457 968 497 exstare
985 454 1080 510 ipse
1096 453 1335 496 liberaliter
1354 454 1557 496 concedit
1574 453 1810 496 Maltenius
1829 455 1888 508 (p.
1909 454 2021 507 145),

328 528 492 584 pariter
531 528 681 568 monet
722 525 793 568 vel
830 525 997 566 nullam
1035 525 1106 567 vel
1145 528 1265 566 certe
1305 539 1488 580 parvam
1527 523 1791 566 affinitatem
1832 523 2020 565 dialecto

330 597 577 653 Cyrenensi
626 611 725 638 cum
775 594 1136 650 arcadicocypria
1185 594 1473 637 intercedere.
1544 593 1712 636 Indicia
1759 607 1864 636 vero
1919 596 2021 634 sunt

329 669 488 725 quibus
522 666 835 722 comprobetur
865 664 1016 716 fuisse,
1050 679 1151 706 cum
1178 665 1377 707 Thessali
1410 664 1536 706 simili
1570 664 1756 707 dialecto
1790 666 2022 706 uterentur

328 743 463 795 atque
497 737 729 793 Cyrenaei.
795 735 1014 791 Cyrenaei
1058 735 1174 778 enim
1213 735 1414 778 vocalem
1454 751 1476 778 ο
1521 738 1625 777 ante
1666 751 1720 778 vo
1755 749 1809 777 ex
1849 739 1912 786 πέρ’
1947 735 2021 776 de—

329 810 531 858 rivatam,
566 807 832 863 simulatque
864 805 1028 848 nasalis
1062 805 1256 857 evanuit,
1290 805 1351 847 ita
1385 806 1693 860 produxerunt
1724 808 1772 847 ut
1808 822 1847 848 οι
1878 805 2021 857 fieret,

329 895 420 922 non
453 882 527 922 aut
563 895 615 922 ov
649 880 725 920 aut
751 894 801 929 ω,
829 880 877 919 ut
900 876 945 918 in
968 876 1148 932 reliquis
1172 875 1384 928 dialectis,
1417 875 1461 917 in
1484 875 1567 918 illis
1591 875 1768 932 quidem
1791 875 1835 917 in
1863 875 2022 932 quibus

330 968 386 994 νσ
404 953 611 992 mutetur.
655 949 705 990 Id
728 962 845 990 anno
869 948 1046 990 demum
1071 950 1180 989 1903
1205 949 1480 1002 compertum
1499 950 1578 999 est,
1603 961 1702 989 cum
1726 947 1782 988 M.
1801 945 2023 989 Frankelii

329 1021 522 1064 sollertia
553 1019 706 1062 titulus
741 1017 1000 1074 cyrenensis
1034 1016 1192 1060 aetatis
1225 1020 1469 1072 augusteae
1497 1031 1520 1059 e
1541 1016 1816 1059 Fourmontii
1849 1016 2023 1059 schedis

328 1093 373 1134 in
414 1093 559 1134 lucem
599 1090 798 1146 prolatus
842 1093 921 1139 est,
963 1088 1009 1130 in
1052 1102 1138 1144 quo
1180 1087 1348 1130 formae
1386 1087 1485 1130 illae
1525 1090 1770 1144 ἀνήκοισαν
1809 1086 2024 1139 (Berliner

330 1162 633 1217 Sitzungsber.
670 1163 765 1203 ssa
802 1162 891 1214 12),
934 1162 1283 1215 προγεγοιόίσας
1325 1158 1428 1212 (ibd.
1463 1176 1488 1202 (ι
1520 1160 1592 1212 20)
1635 1160 1870 1214 apparent3
1919 1172 2023 1199 nam

328 1232 640 1288 inscriptiones
664 1244 912 1286 cyrenaeae
935 1230 1146 1285 vulgatae
1169 1233 1295 1272 erant
1316 1244 1407 1271 non
1430 1229 1596 1271 multae
1614 1243 1783 1284 eaeque
1801 1231 1845 1271 et.
1862 1229 2021 1271 breves

329 1308 370 1347 et
412 1306 628 1346 recentes
694 1302 850 1357 Neque
889 1300 1103 1356 suspicari
1141 1300 1245 1342 licet
1286 1300 1543 1355 Cyrenaeos
1582 1299 1740 1342 aetatis
1779 1302 2023 1354 augusteae

330 1374 558 1430 antiquam
599 1371 867 1427 elegantiam
906 1370 1174 1414 affectantes
1213 1370 1472 1426 peregrinas
1511 1369 1675 1412 formas
1713 1373 1882 1412 temere
1922 1384 2021 1425 pro-

328 1445 432 1501 priis
451 1443 754 1486 immiscuisse.
789 1442 903 1484 Nam
922 1456 1022 1484 cum
1039 1441 1107 1483 his
1129 1440 1373 1497 participiis
1397 1443 1574 1496 praeter
1597 1439 1853 1495 Cyrenaeos
1876 1440 2023 1482 Lesbii

328 1518 503 1558 tantum
550 1516 802 1565 uterentur,
846 1512 922 1568 qui
970 1511 1304 1567 Cyrenensibus
1352 1511 1396 1553 in
1444 1514 1643 1554 mentem
1687 1511 1886 1554 venisset
1929 1511 2023 1554 sive

328 1590 510 1642 gentem
543 1600 643 1627 cuin
673 1599 774 1640 qua,
810 1587 1025 1639 quantum
1053 1582 1229 1634 scimus,
1264 1582 1384 1624 nulla
1407 1581 1675 1637 cognatione
1699 1581 2022 1637 coniungeren-

332 1661 416 1709 tur,
451 1656 544 1700 sive
567 1655 779 1697 Alcaeum
810 1657 854 1697 et.
878 1654 1179 1710 Sapphonem,
1204 1656 1359 1709 poetas
1381 1652 1575 1705 melicos,
1608 1652 1796 1694 imitari?
1844 1652 2023 1694 Talibus

329 1730 559 1784 praeterea
606 1725 757 1768 formis
796 1724 962 1780 pariter
1000 1727 1134 1780 poe'ta
1173 1723 1433 1779 Cyrenaeus
1473 1723 1769 1766 Callimachus
1811 1738 1916 1765 usus
1956 1726 2024 1765 est

328 1799 372 1841 in
411 1797 590 1853 hymnis
623 1797 662 1839 V
703 1799 744 1839 et
779 1796 840 1839 VI
881 1797 1047 1847 (ἑλοῖσα
1087 1795 1125 1838 V
1155 1797 1229 1847 213
1272 1796 1462 1851 βαλοῖσα
1500 1795 1539 1836 V
1570 1796 1645 1847 253
1693 1797 1843 1851 ῥεοίσᾳ
1880 1794 1919 1836 V
1950 1796 2022 1846 71;

327 1871 530 1913 κλαίοισα
562 1868 601 1910 V
625 1870 699 1920 953
735 1867 970 1920 ἐξελάοισα
1003 1866 1042 1908 V
1070 1868 1171 1919 1413
1204 1869 1527 1922 παραψύχοισα
1561 1865 1621 1908 VI
1642 1867 1719 1918 453
1753 1868 1928 1908 εἰποῖσα
1961 1865 2023 1907 VI

330 1943 404 1993 653
440 1938 615 1995 saepius
650 1954 700 1980 ov
732 1937 933 1987 traditur,
967 1941 1015 1979 ut
1050 1940 1400 1979 consentaneum
1434 1938 1531 1990 est),
1564 1935 1685 1978 urbis
1717 1935 1886 1991 patriae
1919 1949 2022 1977 con-

328 2009 609 2052 suetudinem
643 2011 834 2050 secutus.
888 2007 959 2049 An
983 2007 1254 2049 credendum
1281 2007 1401 2048 illum
1428 2007 1474 2048 in
1501 2006 1770 2048 carminibus
1793 2006 1864 2048 vel
1887 2004 2022 2061 epicis

329 2081 399 2124 vel
434 2083 554 2123 certe
587 2080 724 2121 altero
756 2078 1027 2121 hexametris
1061 2078 1199 2120 altero
1232 2077 1430 2120 distichis
1457 2076 1709 2133 conscripto
1732 2076 1943 2118 Alcaeum
1979 2079 2020 2118 et

331 2151 617 2207 Sapphonem
667 2149 828 2204 lyricos
880 2148 1099 2190 imitatum
1151 2148 1277 2190 esse‘?
1360 2148 1417 2189 At
1465 2146 1731 2190 accusativis
1780 2146 2022 2202 pluralibus

327 2220 582 2264 masculinis
615 2219 922 2262 declinationis
944 2220 998 2261 ΙΙ.
1033 2218 1171 2260 utitur
1203 2219 1247 2260 in
1283 2234 1329 2272 ος
1363 2218 1631 2261 exeuntibus
1660 2218 1737 2269 (VI
1759 2220 1817 2259 34
1847 2220 2022 2269 πάντας

329 2292 364 2335 δ’
401 2293 751 2348 ἀνδρογίγαντας
791 2292 901 2332 ὅλαι]
939 2291 1074 2332 πόλιν
1113 2292 1265 2346 ἀρκὶος
1303 2292 1421 2345 ἆραι,
1462 2303 1572 2344 quos
1612 2302 1711 2330 cum
1752 2291 1795 2330 et
1827 2287 2023 2330 Arcades

330 2365 373 2405 et
396 2362 594 2404 Thessali
625 2364 665 2404 et
701 2360 915 2416 plurimae
947 2364 1107 2415 gentes
1140 2359 1315 2402 doricae
1338 2359 1380 2400 in
1407 2374 1591 2415 quarum
1615 2372 1798 2400 numero
1822 2357 2021 2409 Theraei,

333 2436 421 2475 tum
450 2431 671 2487 Cyrenaei
703 2431 765 2473 ita
796 2430 989 2473 formant
1024 2429 1117 2484 (cfr.
1143 2444 1211 2472 ex.
1237 2444 1273 2472 c.
1299 2430 1419 2472 GDI
1441 2432 1571 2481 4854,
1589 2431 1654 2483 4);
1689 2428 1835 2471 Lesbii
1868 2431 2024 2470 contra

329 2506 498 2560 ἀρκίοις
531 2502 752 2544 dixerunt.

449 2573 667 2628 Cyrenaei
700 2572 845 2627 igitur,
880 2575 927 2614 ut
954 2586 1046 2614 rem
1070 2571 1195 2614 brevi
1221 2570 1606 2626 comprehendam,
1641 2571 1794 2612 ἑλοῖσα
1827 2583 2021 2624 pronun-

328 2645 508 2696 tiarunt,
542 2643 646 2686 item
680 2642 843 2695 Lesbii,
877 2642 987 2684 aliae
1019 2645 1190 2696 gentes,
1233 2645 1449 2696 quantum
1483 2640 1657 2691 scimus,
1692 2640 1851 2681 nullae.
1916 2638 2020 2680 Mal-

328 2714 474 2757 tenius
522 2714 625 2756 inde
673 2713 790 2769 quod
838 2713 1095 2768 Euphemus
1144 2711 1308 2767 pariter
1361 2715 1403 2753 et
1443 2710 1628 2753 Lesbius
1673 2713 1714 2752 et
1763 2710 2021 2764 Cyrenaeus

329 2785 499 2836 dicitur,
552 2783 769 2826 conclusit
821 2783 941 2825 illum
994 2782 1238 2838 antiquitus
1290 2781 1550 2824 Thessalum
1599 2779 1754 2826 fuisse:
1813 2779 1931 2835 quid,
1986 2779 2022 2820 si

330 2856 447 2910 quod
481 2871 571 2906 ονσ,
613 2855 980 2911 quotiescumque
1012 2869 1070 2896 νσ
1103 2867 1126 2895 e
1160 2857 1221 2904 ntj
1253 2852 1420 2894 factum
1464 2851 1532 2903 sit,
1572 2851 1690 2906 apud
1724 2850 1905 2893 Lesbios
1945 2864 2020 2905 pa-

332 2925 435 2968 riter
467 2929 601 2981 atque
625 2925 882 2980 Cyrenaeos
908 2924 951 2965 in
988 2940 1057 2966 οισ
1079 2925 1290 2974 transeat,
1324 2922 1426 2964 inde
1460 2921 1706 2963 efficiamus
1738 2920 1874 2962 fuisse
1906 2921 2022 2962 hanc

330 2995 619 3037 mutationem
654 2995 877 3051 quondam
909 2993 1204 3045 thessalicam,
1240 3007 1263 3035 e
1289 2991 1516 3034 Thessalia
1540 2992 1620 3034 has
1651 2991 1816 3033 formas
1849 2993 1893 3033 et
1915 2990 2018 3032 Les-
