2180 3482
859 210 913 244 De
940 209 1122 253 Euphemo
1753 213 1828 254 141

143 315 230 357 lam
263 315 318 358 de
343 316 474 357 Batto
507 314 794 357 herodoteam
829 318 873 358 et
904 314 1099 357 fabulam
1132 317 1187 358 de
1209 317 1439 372 Euphemo
1472 331 1652 372 prorsus
1685 317 1834 372 singu-

143 385 264 437 laris;
299 385 344 427 in
376 387 565 441 utraque
588 385 786 427 Thessali
808 385 972 440 primas
1000 385 1102 427 olim
1124 390 1274 442 partes
1298 390 1499 441 egerunt,
1533 390 1625 429 tum
1649 388 1835 429 Theraei

143 456 187 498 in
222 456 393 498 illorum
425 456 571 498 locum
594 454 846 511 interpolati
870 459 987 508 sunt,
1020 460 1114 498 tum
1138 457 1329 513 denique
1353 457 1689 500 Lacedaemonii
1715 459 1730 512 (
1734 472 1835 500 nam

143 526 518 569 Lacedaemonios
560 525 796 569 verisimile
844 530 908 569 est
959 526 1091 569 etiam
1132 526 1325 569 fabulam
1367 529 1422 570 de
1463 528 1694 583 Euphemo
1736 531 1837 584 post

145 598 367 639 Theraeos
407 597 585 639 demum
623 599 848 651 mutasse).
912 597 962 638 In
1001 599 1189 653 utraque
1231 597 1565 640 Lacedaemonii
1603 598 1837 641 Thessalos

144 667 188 708 in
204 668 405 722 Taygeto
425 668 545 719 (nam
557 667 807 709 Taenarum
817 667 1004 723 Taygeti
1021 667 1375 723 promunturium
1394 670 1477 721 est)
1496 667 1835 710 constituerunt.

261 737 318 779 At
364 737 523 780 dixerit
569 737 804 793 quispiam:
864 737 1098 793 „Opinatio
1152 738 1238 780 ista
1292 741 1369 780 tua
1419 737 1684 780 coniecturis
1734 752 1837 781 con-

144 808 329 859 tinetur;
354 807 550 850 Maltenii
574 808 776 850 doctrina
794 808 969 850 Pindari
991 807 1260 859 testimonio,
1283 807 1432 849 multis
1455 807 1549 850 aliis
1567 808 1839 863 argumentis

145 878 342 921 nititur&
396 878 434 920 A
458 878 714 920 coniectura
742 892 812 921 me
841 878 1091 934 profectum
1119 892 1216 921 esse
1239 878 1442 934 equidem
1468 878 1654 921 candide
1682 878 1837 931 fateor,

146 964 278 1005 quam
325 949 359 990 si
407 948 611 1004 accipies,
657 948 827 1005 reliqua
870 949 956 991 iam
992 951 1340 1004 consequentur,
1387 948 1687 991 coniecturam
1732 963 1839 992 vero

147 1019 444 1063 necessariam
468 1034 565 1062 esse
588 1034 691 1061 mox
714 1019 1018 1062 demonstrare
1040 1019 1241 1070 studebo,
1265 1018 1310 1060 in
1332 1018 1585 1074 praesentia
1606 1018 1708 1061 illud
1733 1020 1839 1061 Mal-

146 1090 255 1133 tenii
288 1092 612 1145 argumentum,
656 1090 774 1146 quod
806 1090 1004 1132 nondum
1035 1089 1079 1130 in
1122 1091 1378 1131 transcursu
1417 1088 1636 1144 redargui,
1675 1089 1840 1133 diluere

146 1161 354 1204 conabor.

263 1230 501 1274 Maltenius
524 1232 582 1286 (p.
612 1233 709 1285 110)
738 1230 930 1273 affirmat
953 1230 1207 1282 Pindarum,
1232 1244 1332 1272 cum
1359 1233 1599 1286 quartam
1621 1231 1842 1286 Euphemi

146 1301 406 1358 progeniem
429 1301 571 1356 Libya
596 1301 837 1357 potituram
860 1301 996 1344 fuisse
1024 1301 1155 1353 dicat,
1189 1300 1273 1342 nisi
1298 1301 1429 1356 gleba
1450 1300 1496 1342 in
1517 1315 1639 1343 mare
1662 1302 1842 1358 delapsa

147 1375 277 1425 esset,
303 1375 457 1415 contra
478 1372 672 1414 fabulam
696 1386 912 1428 pugnare,
937 1387 1025 1428 qua
1045 1371 1256 1424 „Aeoles“
1281 1374 1570 1414 narrarentur
1592 1371 1637 1412 in
1655 1371 1841 1427 Libyam

146 1443 505 1498 transmigrasse3
553 1442 769 1485 creditum
817 1442 933 1485 enim
979 1456 1076 1485 esse
1120 1457 1145 1484 a
1184 1441 1386 1484 Penthilo
1431 1442 1780 1497 Agamemnonis
1819 1456 1842 1485 e

146 1513 237 1556 filio
286 1516 451 1569 nepote
497 1513 806 1568 migrationem
856 1512 1120 1565 „aeolicam“
1172 1513 1349 1555 ductam
1397 1526 1511 1565 esse3
1561 1513 1842 1568 Euphemum

149 1598 255 1628 vero
288 1598 379 1626 una
410 1584 701 1639 generatione
731 1584 1068 1639 Agamemnone
1100 1582 1389 1626 vetustiorem
1421 1582 1571 1635 fuisse,
1604 1597 1694 1625 una
1725 1583 1843 1625 enim

148 1654 441 1710 generatione
472 1654 754 1710 Argonautas
787 1654 945 1696 Troica
977 1653 1282 1696 antecessisse.
1334 1653 1459 1705 Quae
1491 1652 1631 1709 primo
1665 1653 1842 1709 quidem

148 1726 363 1781 adspectu
396 1727 518 1768 recte
551 1725 761 1768 conclusa
794 1725 1020 1777 videntur;
1060 1724 1121 1766 illi
1153 1723 1349 1780 opinioni
1384 1723 1515 1767 ctiam
1547 1723 1683 1776 favet,
1724 1725 1843 1780 quod

150 1796 368 1838 Pindarus
402 1795 535 1838 adicit
567 1798 663 1839 τότε
696 1798 780 1852 γὰρ
819 1795 877 1849 (id
919 1798 985 1838 est
1016 1797 1240 1851 τετράτων
1278 1795 1458 1837 παίδων
1496 1796 1841 1850 ἐπιγινομένων)

149 1868 346 1923 μεγάλας
365 1867 678 1920 ἐξανίστανται
691 1866 1031 1920 Λακεδαίμονος
1048 1864 1238 1922 Ἀργείου
1257 1881 1303 1908 τε
1320 1866 1493 1908 κόλπου
1509 1867 1582 1908 καὶ
1599 1866 1842 1917 Μυκανᾶν,

148 1937 294 1981 Danai
317 1937 498 1989 scilicet,
533 1940 700 1980 certam
723 1937 858 1992 igitur
880 1936 1190 1992 migrationem
1212 1936 1484 1978 intellectam
1506 1935 1697 1979 voluisse
1720 1935 1842 1979 vide-

148 2012 231 2051 tur.
295 2007 354 2049 At
395 2022 549 2051 omnes
597 2007 691 2050 fere
738 2007 1009 2050 recentiores
1052 2005 1305 2049 Penthilum
1346 2005 1506 2048 Aeoles
1554 2009 1678 2048 trans
1724 2020 1844 2048 mare

150 2079 331 2121 duxisse
355 2079 639 2122 crediderunt
654 2078 694 2133 ¹),
720 2092 811 2120 non
834 2077 1064 2120 Pindarus.
1119 2077 1205 2129 Qui
1228 2079 1385 2119 contra
1407 2075 1679 2119 existimavit,
1702 2077 1842 2127 (Nem.

149 2150 215 2192 XI
237 2152 309 2202 34)
342 2149 428 2192 iam
457 2149 661 2192 Orestem
694 2163 794 2191 cum
828 2148 1042 2191 Pisandro
1074 2147 1165 2190 filio
1198 2162 1320 2190 mare
1352 2150 1680 2202 transgressum
1702 2148 1844 2189 Tene-

150 2221 254 2262 dum
277 2220 549 2276 pervenisse.
584 2220 787 2262 Praestat
805 2219 1009 2262 confiteri
1031 2233 1112 2261 nos
1134 2218 1354 2274 ignorare,
1379 2232 1512 2274 quam
1535 2217 1845 2273 migrationem

151 2304 356 2347 quaeque
387 2293 590 2346 tempora
622 2290 839 2332 Pindarus
873 2292 1058 2346 spectet.

270 2360 538 2403 Coniectura
570 2363 738 2407 contra,
779 2374 912 2416 quam
945 2359 1247 2415 proponimus,
1282 2358 1582 2414 compluribus
1615 2358 1670 2400 de
1702 2358 1846 2400 causis

151 2431 404 2475 necessaria
435 2431 629 2475 videtur:
673 2444 821 2486 neque
854 2430 971 2472 enim
1003 2429 1288 2484 intellegitur,
1329 2443 1466 2484 quare
1504 2428 1539 2470 si
1571 2428 1770 2471 Thessali
1801 2428 1845 2469 in

154 2503 462 2558 Peloponneso
496 2501 569 2543 diu
604 2500 862 2543 commorati
889 2499 991 2542 inde
1025 2500 1080 2541 ad
1112 2499 1299 2554 Libyam
1331 2498 1575 2554 migrarint,
1609 2513 1725 2540 unus
1757 2499 1845 2540 Eu-

153 2574 354 2629 phemus,
397 2586 488 2614 non
528 2571 686 2628 reliqui
726 2572 904 2622 heroes,
947 2570 992 2611 in
1035 2570 1345 2625 Peloponneso
1387 2569 1611 2611 habitasse
1652 2568 1843 2621 dicatur3

153 2657 290 2700 quare
321 2644 480 2685 Battus
513 2643 738 2685 Theraeus
779 2655 802 2684 e
836 2639 1003 2683 colonis
1036 2639 1258 2682 Thessalis
1296 2642 1555 2695 prognatus,
1596 2653 1687 2680 non
1720 2639 1845 2681 Pelo-

153 2714 394 2770 ponnesius
432 2713 569 2756 fuisse
607 2711 845 2755 memoriae
890 2711 1108 2763 tradatur3
1155 2724 1292 2766 quare
1338 2709 1531 2765 denique
1569 2709 1747 2763 Cyrene
1791 2709 1846 2751 ab

152 2783 356 2840 Apolline
398 2798 422 2826 e
463 2783 709 2835 Thessalia,
758 2796 848 2824 non
896 2795 920 2824 6
962 2781 1270 2836 Peloponneso
1319 2782 1447 2835 rapta
1488 2793 1585 2821 esse
1626 2781 1844 2821 narretur.

273 2949 299 2994 ¹)
325 2949 551 2984 Testimonia
577 2949 735 2983 omnium
760 2957 854 2982 unus
881 2946 1159 2990 diligentissime
1178 2945 1336 2989 collegit,
1364 2944 1584 2987 disceptavit
1610 2944 1651 2978 R.
1671 2943 1839 2985 Laqueur

154 3008 308 3043 Hermae
333 3007 435 3042 XLII
461 3008 563 3051 1907,
589 3008 658 3042 515
669 3017 744 3049 sqq.
