2180 3482
324 231 353 269 4
966 228 1019 262 De
1044 227 1175 270 hymno
1201 228 1380 271 Apollinis

325 335 447 376 Inter
480 349 550 376 vv.
580 333 714 388 igitur
746 337 771 375 3
800 336 843 376 et
864 336 893 375 4
923 333 1219 385 intervallum,
1255 333 1309 375 sit
1337 333 1539 390 quamvis
1567 334 1669 377 licet
1692 334 2016 387 brevissimum,

326 404 485 447 silentii
531 405 829 456 statuendum,
873 419 961 446 non
1006 419 1105 446 cum
1142 403 1483 446 Wilamowitzio
1521 405 1743 447 levissime
1789 405 2017 461 interpun-

324 476 519 529 gendum
540 478 624 527 est3
648 474 684 516 is
708 474 824 517 enim
849 478 923 531 qui
945 474 1152 531 loquitur,
1177 474 1315 517 sensit
1338 489 1385 517 se
1408 475 1744 530 exspectatione
1767 476 2017 531 deceptum,

323 545 368 586 in
402 559 593 588 errorem
625 548 775 587 tamen
810 545 955 586 statim
989 559 1139 586 rursus
1171 544 1352 600 rapitur.
1394 545 1445 587 V.
1471 548 1496 586 6
1525 544 1820 588 Callimachus
1853 550 2016 602 portas,

325 631 435 672 quas
453 616 568 659 idem
587 632 627 659 v.
645 619 671 658 3
690 617 819 658 deum
844 616 1043 671 pulsasse
1061 615 1246 667 dixerat,
1271 630 1421 657 rursus
1445 619 1540 657 orat
1562 619 1611 657 ut
1633 615 1755 671 ipsae
1779 617 2016 672 patefiant;

322 687 521 729 nondum
541 701 645 741 ergo
660 686 816 742 Apollo
837 686 1029 729 advenit.
1051 685 1273 740 Singulari
1293 686 1517 728 evidentia
1534 685 1645 728 illius
1665 701 1854 741 persona
1872 687 2018 743 potius

327 757 474 812 agitur
518 772 650 813 quam
697 756 970 808 describitur,
1025 756 1100 812 qui
1148 756 1293 798 animo
1341 770 1596 812 suspensus,
1641 757 1906 813 simulatque
1949 759 2018 801 vel

325 828 539 883 crepitum
568 827 743 869 audisse
770 828 841 870 vel
869 827 1033 883 aliquid
1065 829 1229 868 nutans
1257 826 1393 869 oculis
1421 827 1766 882 deprehendisse
1793 827 1874 869 sibi
1899 829 2018 871 visus

323 897 392 949 sit,
452 899 581 940 deum
638 897 1086 953 appropinquantem,
1149 897 1281 940 etiam
1330 900 1611 952 praesentem
1664 912 1711 940 se
1763 899 2018 955 percepisse

323 968 558 1011 existimat.
624 968 761 1010 Simili
794 971 887 1010 arte
920 968 965 1009 in
1000 967 1194 1010 carmine
1220 967 1368 1009 multis
1394 967 1648 1009 nominibus
1675 968 1815 1020 simili,
1851 970 2017 1024 hymno

322 1039 366 1080 in
389 1040 566 1083 lavacra
588 1039 789 1090 Palladis,
814 1039 962 1081 statim
985 1038 1108 1080 initio
1133 1040 1265 1094 poeta
1287 1038 1455 1094 puellas
1479 1041 1630 1080 monet
1652 1041 1701 1080 ut
1724 1038 1810 1080 iam
1835 1043 2016 1093 exeant,

322 1123 369 1152 Se
388 1110 504 1152 enim
527 1111 636 1153 deae
660 1124 874 1166 equorum
897 1109 1117 1151 hinnitum
1144 1109 1230 1151 iam
1255 1109 1432 1151 auribus
1456 1109 1705 1164 percipere3
1734 1113 1828 1150 tum
1851 1110 2019 1166 aliquot

322 1180 522 1223 versibus
539 1181 780 1223 interiectis
805 1197 844 1223 v.
862 1183 913 1222 14
934 1195 1084 1222 rursus
1109 1180 1344 1235 profitetur
1367 1193 1412 1222 se
1437 1194 1590 1222 currus
1613 1179 1829 1235 crepitum
1852 1181 2016 1224 audire.

321 1251 522 1294 Minerva
552 1255 703 1294 tamen
735 1267 775 1294 v.
796 1254 864 1302 33,
898 1251 1059 1293 iterum
1091 1266 1131 1293 v.
1150 1253 1207 1292 43
1240 1251 1439 1292 nondum
1472 1264 1682 1305 praesens
1709 1250 1944 1293 invocatur
1969 1255 2016 1293 ut

320 1322 501 1364 tandem
529 1322 764 1378 aliquando
790 1326 938 1375 exeat3
974 1337 1014 1364 v.
1035 1325 1103 1373 55,
1139 1321 1214 1377 qui
1239 1320 1446 1376 loquitur,
1480 1320 1660 1362 tertium
1693 1321 1821 1363 deam
1848 1325 1943 1364 orat
1970 1326 2018 1364 ut

321 1393 517 1447 prodeat,
542 1392 635 1447 ipse
659 1392 881 1434 interdum
900 1391 1056 1447 puellis
1078 1391 1305 1433 historiam
1329 1394 1608 1443 narraturus3
1632 1391 1815 1433 historia
1838 1393 2015 1434 demum

321 1463 524 1505 absoluta
548 1466 606 1516 (v.
632 1466 729 1517 138)
764 1463 942 1504 clamat:
979 1462 1115 1519 ἐ’ρχετ’
1137 1464 1369 1505 Ἀθαναία
1401 1469 1485 1504 νῦν
1520 1463 1699 1518 ἀτρεκές
1731 1477 1882 1514 „nunc
1916 1478 2016 1518 pro-

320 1533 437 1576 fecto
457 1533 622 1585 venit“,
655 1533 796 1588 ipsam
820 1534 948 1575 deam
968 1537 1024 1583 (v.
1051 1535 1147 1587 140)
1172 1533 1344 1575 salvere
1366 1532 1487 1574 iubet
1517 1533 1698 1574 tandem
1721 1536 2014 1588 praesentem.

442 1603 480 1646 l.
514 1605 565 1645 In
586 1603 800 1660 Apollinis
832 1604 997 1659 templo
1027 1604 1176 1645 laurus
1199 1603 1271 1646 vel
1294 1606 1413 1645 certe
1436 1617 1582 1644 ramus
1604 1602 1781 1645 laureus
1805 1606 1849 1645 et
1871 1604 2019 1659 palma

321 1679 378 1723 (v.
396 1677 440 1727 4>
466 1674 813 1729 conspiciuntur.
848 1674 1041 1716 Laurum
1065 1674 1183 1729 apud
1206 1688 1326 1715 aram
1344 1672 1560 1729 Apollinis
1584 1672 1743 1715 cleliam
1761 1672 1847 1714 iam
1866 1673 2019 1717 Ulixes

319 1745 502 1787 miratus
542 1748 636 1787 erat
678 1747 702 1798 ζ
740 1747 818 1786 162
852 1745 979 1801 Δήλῳ
1020 1746 1184 1800 δήποτε
1222 1750 1345 1787 τοῖον
1378 1743 1670 1795 ’Λπόλλωνος
1711 1745 1836 1799 παρὰ
1878 1746 2017 1800 βωμῷ

321 1820 523 1871 φοίνικος
546 1818 651 1858 νέον
675 1818 802 1872 ἔρνος
825 1818 1130 1871 ἀνερχόμενον
1153 1816 1330 1870 ἐνόησα.
1363 1814 1511 1870 Atque
1534 1813 1664 1856 huius
1681 1813 1766 1855 loci
1784 1813 2018 1856 imitationi

319 1886 507 1928 fortasse
529 1886 815 1929 tribuendum
840 1890 918 1937 est,
954 1886 1071 1941 quod
1104 1900 1195 1928 non
1226 1885 1389 1936 laurus,
1424 1885 1501 1926 sed
1532 1884 1642 1926 lauri
1665 1884 1866 1926 surculus
1900 1899 2016 1927 com-

318 1959 606 2009 memoratur,
638 1956 737 2008 nisi,
772 1957 889 2011 quod
916 1955 1164 2012 praefracte
1196 1969 1363 2009 negare
1394 1969 1485 1996 non
1517 1954 1633 2006 licet,
1667 1969 1758 1996 non
1790 1955 1939 1997 laurus
1971 1955 2015 1997 in

318 2027 389 2069 illo
412 2027 577 2082 templo
602 2026 886 2078 educebatur,
912 2027 989 2068 sed
1010 2027 1162 2068 laurea
1184 2039 1400 2081 suspensa
1424 2028 1529 2067 erat.
1599 2025 1650 2066 In
1673 2025 1783 2066 lauri
1807 2025 2014 2068 fruticeto

317 2097 502 2153 Delphis
545 2101 798 2153 serpentem
837 2097 1088 2152 Pythonem
1127 2096 1311 2138 Telluris
1354 2096 1581 2138 oraculum
1623 2098 1727 2138 ante
1766 2095 2012 2151 Apollinem

318 2171 472 2210 natum
497 2167 789 2210 custodivisse
817 2167 1072 2209 testimonio
1097 2170 1163 2209 est
1180 2166 1402 2222 Euripidis
1420 2166 1561 2221 Iphig.
1582 2166 1711 2207 Taur.
1738 2182 1778 2211 v,
1803 2169 1913 2208 1244
1940 2169 2015 2210 ὅθι

319 2238 501 2291 (scilicet
525 2238 569 2279 in
594 2238 824 2280 cacumine
848 2238 1050 2291 Parnasi)
1075 2239 1397 2289 ποικιλόνωτος
1420 2237 1618 2288 οἱνωπός
1640 2238 1834 2292 ὁράκων,
1864 2243 2014 2295 σκιερᾷ

317 2310 597 2363 κατάχαλκος
630 2310 839 2364 εὐφύλλῳ
873 2309 1024 2365 δάφνᾳ
1057 2312 1137 2363 γᾶς
1170 2309 1397 2364 πελώριον
1422 2309 1564 2362 τέρας,
1594 2309 1775 2362 ἄμφεπε
1800 2313 2013 2360 μαντεῖον

317 2379 580 2431 Χθόνιονῐ).
615 2379 787 2430 Verbis,
822 2394 911 2420 non
944 2393 990 2421 re
1018 2377 1199 2434 propius
1226 2378 1281 2420 ad
1307 2377 1450 2429 huius,
1481 2391 1612 2432 quem
1640 2380 1895 2427 tractamus,
1928 2378 2013 2420 loci

318 2449 644 2492 similitudinem
675 2449 858 2501 accedit,
894 2450 1011 2504 quod
1035 2448 1298 2503 Chremylus
1334 2447 1571 2503 (Aristoph.
1592 2447 1706 2489 Plut.
1728 2463 1767 2490 v.
1789 2450 1873 2489 212
1898 2455 2010 2504 sqq.)

318 2523 466 2561 narrat
492 2520 635 2575 ipsum
663 2519 912 2575 Apollinem
944 2519 1065 2561 lauro
1095 2533 1311 2560 concussa
1337 2518 1563 2560 oraculum
1591 2517 1797 2560 edidisse:
1833 2518 2009 2560 Plutum

318 2589 433 2632 enim
451 2590 568 2632 bono
587 2590 733 2632 animo
754 2604 849 2632 esse
867 2589 1008 2637 iubet:
1034 2604 1137 2631 nam
1161 2603 1208 2631 se
1227 2603 1326 2631 eum
1350 2603 1374 2631 e
1397 2603 1530 2631 caeco
1553 2588 1766 2630 acerrime
1786 2588 2010 2631 videntem

316 2659 589 2702 redditurum
609 2674 718 2711 esse,
759 2662 845 2713 ἔχω
880 2659 962 2701 τιν’
996 2661 1178 2715 ἀγαθὴν
1211 2660 1353 2702 ἐλπίδ’
1381 2660 1427 2712 ἐξ
1461 2661 1526 2701 ὧν
1553 2660 1652 2701 εἶπέ
1673 2674 1761 2711 μοι,
1796 2658 1951 2714 inquit,
1988 2662 2010 2701 ὁ

318 2732 479 2786 Φοῖβος
519 2732 650 2782 αὐτὸς
682 2732 896 2785 Πυθικὴν
937 2734 1080 2783 σείσας
1119 2732 1311 2786 δάφνην.
1378 2729 1462 2772 Ubi
1494 2743 1584 2770 non
1625 2727 1855 2770 sufficiunt
1896 2743 2010 2785 quae

317 2801 552 2842 scholiasta
580 2801 775 2851 adnotat,
807 2800 942 2842 tuisse
969 2801 1087 2856 apud
1110 2800 1329 2856 tripodem
1346 2800 1531 2850 laurum,
1557 2813 1689 2854 quam
1708 2799 1882 2852 Pythia,
1907 2813 2007 2841 cum

434 2918 460 2960 ¹)
496 2918 566 2951 Ubi
607 2928 675 2951 vox
711 2917 948 2962 κατάχαλκος
983 2928 1052 2951 non
1091 2917 1335 2961 intellegitur3
1371 2918 1627 2961 κατάκρυπτος
1658 2916 1715 2949 vel
1747 2926 1817 2950 vox
1850 2916 2008 2950 eiusdem

315 2975 596 3019 significationis
621 2977 828 3017 requiritur,
856 2986 946 3017 quae
973 2976 1016 3010 ad
1043 2976 1201 3010 traditas
1226 2976 1370 3009 litteras
1388 2976 1534 3018 propius
1556 2974 1722 3015 aocedat3
1751 2975 2008 3019 κατάφαρκτος

315 3035 468 3068 coniecit
493 3034 626 3068 Bruhn.
