2180 3482
646 228 699 263 De
725 229 955 262 invocatione
982 228 1209 273 Ἀρχηγέτης
1717 230 1772 269 29

85 339 159 380 καὶ
198 336 434 391 μέλαθρον
473 336 689 390 ἐμβαλεῖν
727 338 790 387 εἰς
828 334 905 376 τὸν
945 337 1068 376 οἶκον
1106 334 1184 375 τὸν
1223 335 1272 375 ἐν
1305 339 1382 376 τῶι
1415 334 1667 390 Ἀρχηγέτει
1699 337 1772 377 καὶ

85 412 161 462 τῆς
201 409 367 462 ὀροφῆς
404 408 457 448 τὰ
496 406 786 460 πεπονηκότα
826 406 1130 446 ἐπισκευάσαι.
1195 403 1292 455 Qua
1330 404 1505 446 demum
1546 404 1717 447 ratione
1752 408 1773 447 ὁ

86 479 193 529 ναὸς
225 483 302 519 τοῦ
334 478 447 518 θεοῦ
479 479 520 517 et
556 477 578 517 ὁ
616 475 886 531 Ἀρχηγέτης
927 474 987 515 ita
1028 474 1142 516 inter
1184 487 1230 515 se
1270 474 1471 516 variant?
1534 475 1592 516 At
1623 478 1773 517 tamen

85 546 227 589 fateor
265 560 335 588 me
371 560 463 588 non
502 544 596 587 sine
636 546 826 601 quadam
860 543 1135 586 dubitatione
1168 543 1363 586 animum
1401 544 1611 588 inducere
1643 560 1774 601 posse

84 617 197 659 Anio
238 616 360 659 heroi
398 615 504 658 satis
544 616 730 657 obscuro
770 630 795 657 a
825 614 963 657 Deliis
1001 618 1175 656 tantum
1207 614 1386 656 honoris
1419 629 1515 657 esse
1546 615 1773 668 tributum,

86 690 133 729 ut
166 687 312 743 potius
345 686 500 742 opiner
522 689 697 742 praeter
719 685 1038 727 nobilissimum
1061 685 1167 726 illud
1188 684 1403 740 Apollinis
1425 685 1539 727 Delii
1561 687 1773 741 templum

85 757 314 800 obscurius
361 757 581 813 quoddam
627 757 823 799 eiusdem
869 756 938 798 dei
983 755 1163 798 nomine
1207 755 1486 810 Archegetae
1531 756 1684 798 fanum
1730 757 1772 798 in

84 828 156 870 illa
180 828 322 870 insula
342 827 479 870 fuisse
494 827 534 879 ¹).
586 829 677 869 Res
710 841 814 870 vero
848 841 1026 882 prorsus
1058 826 1229 868 incerta
1262 829 1340 868 est.
1369 852 1421 856 —
1444 827 1505 869 Ut
1537 827 1590 868 ab
1624 826 1775 869 insulis

86 899 141 940 ad
172 898 323 940 Asiam
355 898 745 953 transgrediamur,
778 897 982 952 Erythris
1016 897 1314 953 [Ἂρ]χηγέτου
1346 911 1509 939 nomen
1543 897 1774 940 inventum

86 972 152 1012 est
186 969 304 1012 GDI
338 972 465 1021 5690,
496 971 580 1011 349
604 970 696 1021 Β6;
743 968 894 1010 nescio
941 983 997 1010 an
1041 967 1256 1023 Apollinis
1302 967 1560 1023 intellegere
1598 983 1776 1024 prorsus

85 1054 195 1095 opus
234 1039 302 1091 sit,
351 1054 451 1082 cum
490 1039 737 1095 complures
777 1038 819 1080 di
857 1038 1116 1095 Ἀρχηγέται
1157 1038 1454 1093 appellentur,
1498 1038 1622 1094 atqui
1662 1038 1775 1082 veri-

86 1111 224 1153 simile
264 1113 331 1153 est
368 1111 479 1152 haec
517 1110 572 1152 ad
612 1109 861 1165 Apollinem
903 1108 1178 1164 migrationis
1225 1108 1397 1151 ionicae
1443 1109 1601 1152 ducem
1642 1110 1775 1166 perti-

84 1181 246 1233 nere2).
334 1182 384 1222 In
431 1181 557 1223 titulo
599 1180 883 1235 Mytilenensi
924 1180 993 1223 IG
1024 1180 1110 1221 XII
1142 1182 1181 1232 2,
1210 1182 1278 1231 61,
1312 1182 1361 1221 15
1410 1179 1574 1235 pariter
1613 1195 1777 1223 nomen

85 1251 329 1309 Ἀρχαγέτα
354 1251 555 1307 legimus,
588 1251 633 1292 in
661 1266 748 1307 quo
774 1253 924 1294 tamen
947 1265 1037 1294 non
1060 1250 1213 1293 iisdem
1237 1250 1408 1292 indiciis
1431 1265 1776 1303 commovemur,

85 1326 133 1364 ut
180 1323 298 1365 hunc
353 1337 449 1365 esse
490 1322 739 1378 Apollinem
794 1322 1037 1364 credamus.
1112 1321 1264 1376 Cyzici
1310 1321 1355 1362 in
1398 1321 1570 1364 colonia
1610 1322 1779 1365 Milesia

84 1393 201 1436 illam
240 1393 498 1449 religionem
535 1392 670 1436 fuisse
702 1392 916 1435 Aristides
954 1395 1144 1435 testatur
1182 1392 1225 1433 in
1266 1392 1537 1448 panegyrico
1577 1393 1619 1434 in
1662 1393 1777 1435 illam

85 1464 312 1508 civitatem
346 1465 551 1517 (XXVII,
586 1464 670 1507 vol.
695 1465 735 1506 Π
764 1466 856 1516 126,
876 1467 902 1505 3
926 1464 1055 1518 Keil),
1089 1478 1188 1506 cum
1219 1463 1369 1505 scribit
1397 1471 1494 1516 ταῖς
1515 1466 1600 1518 μὲν
1622 1465 1778 1517 ἄλλαις

85 1537 271 1579 πόλεσιν
294 1536 508 1592 ἐξηγητής
534 1537 669 1587 ἐστιν,
704 1540 756 1592 τῇ
779 1536 827 1578 δὲ
858 1537 987 1578 πόλει
1020 1539 1158 1592 ταύτῃ
1190 1537 1262 1577 καὶ
1297 1537 1551 1591 ἀρχηγέτης·
1585 1538 1664 1588 τὰς
1694 1536 1778 1589 μὲν

84 1609 168 1663 γὰρ
200 1607 339 1659 ἄλλας
371 1608 524 1659 πόλεις
556 1607 627 1649 διὰ
659 1611 750 1649 τῶν
784 1610 990 1648 οἰκιστῶν
1024 1609 1197 1661 ᾤκισεν,
1238 1611 1314 1659 οὓς
1347 1606 1610 1648 ἀπέστειλεν
1650 1608 1778 1649 ἑκασ-
1828 1604 1836 1611 ’

86 1679 257 1731 ταχόσε,
296 1681 457 1733 ταύτης
496 1678 544 1719 ὂὲ
584 1679 632 1719 ἐκ
664 1683 742 1719 τοῦ
775 1678 935 1729 εὐθέος
967 1678 1151 1732 γέγονεν
1185 1679 1397 1731 οἰκιστης;
1437 1676 1588 1718 nescio
1628 1679 1777 1719 tamen

85 1751 231 1790 utrum
279 1747 494 1790 Aristides
539 1747 732 1789 fabulam
778 1747 1036 1802 cyzicenam
1081 1746 1325 1802 respexerit
1371 1761 1428 1800 an
1473 1746 1619 1802 potius
1658 1747 1778 1803 (nam

86 1833 200 1875 quae
223 1818 390 1860 Keilius
424 1818 467 1859 in
501 1821 718 1874 apparatu
752 1817 1039 1873 comparavit,
1072 1832 1163 1859 non
1196 1817 1256 1859 ita
1288 1820 1391 1873 apte
1423 1818 1510 1859 huc
1542 1817 1689 1860 facere
1715 1817 1778 1861 vi-

85 1889 262 1944 dentur)
302 1888 396 1944 ipse
435 1903 481 1931 se
515 1888 667 1943 Cyzici
707 1888 899 1943 origines
938 1902 1069 1930 nosse
1109 1887 1296 1930 simulet.
1362 1887 1777 1931 Halicarnassenses

87 1959 241 2015 quinto
275 1960 346 2002 vel
380 1962 537 2015 quarto
571 1959 746 2002 saeculo
781 1958 1064 2001 crediderunt
1097 1972 1172 2001 eos
1205 1959 1279 2014 qui
1303 1973 1426 2000 suam
1451 1959 1604 2001 urbem
1629 1958 1778 2001 condi-

87 2031 262 2082 derunt,
302 2031 529 2073 Troezene
571 2029 788 2073 coloniam
820 2031 1078 2073 Ποσειὸῶνι
1117 2033 1192 2072 καὶ
1230 2029 1488 2072 Ἀπόλλωνι
1527 2029 1778 2081 deduxisse,

85 2104 134 2143 ut
166 2101 319 2143 titulus
353 2099 501 2156 (Syll.‘²
522 2103 623 2155 608)
662 2103 853 2143 testatur
891 2100 1028 2143 altero
1062 2100 1133 2143 vel
1165 2100 1304 2156 primo
1340 2115 1376 2142 a.
1403 2100 1504 2143 Chr.
1529 2115 1571 2142 11.
1602 2100 1778 2142 53001110

205 2267 229 2311 ¹)
257 2267 286 2300 Ε
306 2267 527 2300 testimoniis
552 2277 644 2308 quae
670 2266 753 2300 inde
780 2277 801 2300 a
827 2265 1045 2300 Diirrbachii
1072 2266 1322 2309 disputatione
1348 2265 1404 2300 vel
1430 2276 1525 2300 nova
1550 2269 1780 2300 accesserunt,

85 2325 142 2360 vel
168 2326 205 2359 in
231 2324 293 2359 IG
313 2325 363 2359 XI
390 2325 504 2359 denuo
531 2327 689 2368 repetita
715 2328 810 2368 sunt,
838 2326 930 2359 satis
957 2325 1082 2359 multis
1108 2324 1181 2359 illis
1207 2324 1361 2367 quidem,
1389 2335 1459 2359 non
1485 2324 1639 2359 multum
1664 2325 1780 2359 lucra-

86 2395 179 2418 mur:
214 2383 368 2427 exempli
400 2395 511 2418 031153
543 2385 654 2418 affero
687 2384 746 2419 IG
763 2384 814 2418 XI
833 2385 863 2427 2,
882 2385 948 2417 144
966 2385 997 2417 Α
1012 2384 1067 2418 28.
1083 2384 1143 2426 38;
1180 2384 1244 2417 147
1263 2384 1295 2417 A
1312 2384 1370 2426 103
1404 2384 1482 2427 148,
1498 2384 1558 2426 64;
1586 2384 1653 2417 154
1672 2384 1703 2417 Α
1717 2384 1778 2426 35;

88 2443 154 2478 155
180 2444 208 2477 Β
231 2443 268 2485 2;
303 2444 370 2477 156
388 2444 420 2477 A
440 2444 501 2486 23;
537 2444 602 2478 158
620 2444 651 2477 A
671 2444 702 2477 5.
725 2443 786 2486 66;
822 2444 887 2477 159
906 2444 938 2476 A
958 2443 1018 2485 423
1053 2443 1120 2476 203
1140 2443 1172 2476 Α
1191 2443 1246 2476 54.
1263 2443 1323 2484 61;
1357 2443 1424 2477 205
1442 2443 1471 2476 Β
1495 2443 1553 2485 14;
1585 2443 1654 2477 219
1672 2443 1703 2476 A
1726 2443 1778 2477 13.

86 2502 199 2536 BCH
222 2502 361 2535 XXXII
398 2502 495 2543 1908,
529 2502 677 2536 tabulae
709 2503 866 2546 paginae
895 2503 936 2535 14
970 2501 1115 2535 additae
1147 2513 1179 2535 v,
1206 2501 1260 2535 28.
1281 2502 1342 2544 38;
1375 2501 1531 2537 XXXIV
1565 2502 1665 2545 1910,
1701 2502 1778 2544 173,

85 2560 234 2595 tabulae
260 2562 416 2604 paginae
444 2561 510 2594 173
537 2561 701 2595 adiectae
727 2572 759 2595 v.
785 2561 839 2594 34.
861 2561 916 2595 46.
939 2561 1000 2603 49;
1036 2561 1172 2596 XXXV
1208 2561 1307 2603 1911,
1341 2560 1491 2595 tabulae
1522 2561 1679 2604 paginae
1711 2561 1779 2594 243

87 2619 250 2653 adiectae
276 2630 308 2653 v.
331 2619 383 2653 10.
400 2619 454 2653 22.
506 2619 603 2654 Satis
638 2630 750 2663 grave
784 2624 839 2654 est
871 2619 964 2662 quod
1001 2619 1105 2653 156Α
1120 2619 1163 2653 23
1197 2620 1239 2653 τὰ
1265 2620 1445 2664 πτώματα
1472 2620 1514 2653 τὰ
1544 2622 1586 2653 ἐν
1618 2623 1683 2653 τῶι
1715 2623 1779 2653 τοῦ

85 2677 306 2723 Ἀρχηγέτου
344 2682 686 2721 commemorantur:
724 2678 780 2712 his
817 2679 912 2712 enim
943 2678 1090 2712 vocibus
1127 2689 1206 2712 cum
1241 2678 1350 2712 titulo
1378 2688 1483 2720 quem
1521 2688 1630 2720 supra
1667 2678 1779 2712 disce-

86 2738 270 2780 ptavimus
284 2737 336 2770 XI
350 2737 382 2779 2,
398 2737 464 2771 287
492 2737 635 2771 collatis
662 2737 834 2771 efficimus
860 2737 1035 2780 templum
1061 2736 1239 2779 Apollinis
1266 2736 1501 2781 Archegetae,
1529 2737 1659 2779 quippe
1686 2736 1779 2778 quod

86 2797 196 2830 tertio
246 2799 331 2830 ante
367 2796 446 2830 Chr.
471 2806 504 2830 n.
532 2796 674 2830 saeculo
713 2797 785 2830 iam
820 2796 1018 2838 fatisceret,
1064 2797 1155 2830 satis
1195 2797 1348 2838 antiqua
1386 2798 1510 2829 aetate
1548 2794 1779 2829 aedificatum

89 2864 181 2888 esse:
209 2856 348 2897 pariter
372 2865 483 2898 grave
509 2855 602 2896 quod
631 2855 697 2889 156
717 2855 807 2889 A23
834 2855 875 2889 de
901 2858 1101 2899 ἐσχαρῶνι,
1127 2854 1220 2896 quod
1246 2858 1342 2889 esset
1367 2857 1408 2888 ἐν
1440 2858 1506 2887 τῶι
1537 2856 1684 2899 τεμένει
1716 2857 1779 2887 τοῦ

88 2911 317 2957 Ἀρχηγέτου,
354 2913 464 2947 verba
499 2913 608 2956 fiunt3
649 2924 713 2957 per
746 2913 811 2948 illa
846 2914 939 2947 enim
974 2913 1084 2947 verba
1119 2913 1161 2946 de
1195 2924 1306 2956 parvo
1341 2912 1472 2947 sacello
1510 2914 1672 2956 cogitare
1705 2914 1778 2947 iam

88 2980 159 3004 non
184 2970 279 3005 licet.

208 3029 235 3072 2)
262 3030 459 3072 Erythrum
484 3031 593 3064 heroa
619 3031 802 3064 intellexit
828 3030 1143 3073 Wilamowitzius,
1171 3030 1427 3064 Nordionische
1453 3030 1575 3065 Steine
1602 3031 1677 3064 28¹.
