2180 3482
521 665 597 739 ll.
650 666 743 740 De
794 668 1036 740 fabulis
1089 672 1443 759 cyrenaeis.

966 814 980 852 1

247 891 472 945 Hymnum
498 890 541 932 in
563 890 812 946 Apollinem
839 907 929 935 non
957 893 1133 948 penitus
1166 893 1395 949 intelleget
1427 895 1509 936 nisi
1544 896 1616 951 qui
1648 895 1822 938 fabulas

129 961 184 1003 de
207 960 386 1015 Cyrena
406 961 589 1003 heroina,
613 964 655 1003 et
689 962 743 1004 de
767 962 955 1017 Cyrenis
988 964 1097 1005 urbe
1130 963 1308 1018 penitus
1340 965 1466 1006 norit.
1519 965 1637 1017 Quas
1671 966 1820 1021 singu—

131 1031 294 1073 laribus
316 1031 471 1073 libellis
492 1046 591 1073 cum
610 1031 771 1074 abhinc
789 1033 1037 1088 complures
1056 1048 1198 1075 annos
1216 1034 1478 1076 Franciscus
1498 1035 1820 1088 Studniczka¹)‚

127 1104 222 1143 tum
254 1115 398 1157 nuper
429 1102 685 1157 Ludolphus
712 1102 918 1154 Malten2)
953 1103 1014 1144 ita
1048 1104 1270 1158 prosecuti
1302 1108 1419 1156 sunt,
1452 1108 1501 1146 ut
1534 1105 1821 1160 plurimorum

128 1171 331 1227 plausum
370 1171 552 1215 ferrent.
616 1173 712 1227 Ego
752 1186 872 1224 vero,
913 1187 1182 1229 quamquam
1222 1174 1453 1230 utriusque
1491 1177 1536 1218 et
1567 1175 1822 1230 diligentiae

128 1245 171 1284 et
194 1241 386 1283 acumini
408 1242 587 1284 meritas
613 1242 766 1285 laudes
788 1257 879 1284 non
907 1243 1120 1295 detrecto,
1154 1243 1302 1287 facere
1334 1247 1485 1288 tamen
1516 1260 1607 1288 non
1641 1261 1819 1301 possum

129 1312 234 1368 quin
259 1311 476 1355 confitear
497 1313 695 1354 nondum
720 1327 873 1356 omnes
895 1313 1000 1354 mihi
1024 1314 1255 1369 scrupulos
1278 1329 1375 1358 esse
1409 1319 1652 1372 exemptOS‚
1688 1317 1818 1360 etiam

126 1398 197 1425 me
220 1396 403 1425 censere
426 1382 683 1425 Maltenium
713 1384 768 1425 de
801 1384 1099 1439 compluribus
1132 1385 1264 1426 rebus
1296 1385 1441 1428 minus
1474 1390 1595 1429 recte
1628 1387 1819 1431 sensisse

127 1468 259 1508 quam
308 1453 639 1495 Studniczkam.
703 1455 859 1495 Totam
903 1458 1051 1497 autem
1094 1455 1211 1497 illam
1261 1456 1567 1511 quaestionem
1614 1458 1717 1500 inde
1764 1459 1819 1500 ab

126 1523 332 1566 umbilico
373 1538 525 1566 rursus
557 1525 846 1580 repetendam
891 1539 987 1567 esse
1029 1526 1156 1577 duco,
1199 1526 1260 1567 ita
1298 1529 1447 1569 tamen
1490 1530 1539 1568 ut
1578 1543 1692 1583 quae
1732 1528 1818 1570 iam

127 1593 343 1636 extricata
383 1594 484 1646 sint,
526 1594 569 1635 in
608 1594 659 1635 iis
702 1609 835 1650 quam
873 1595 1134 1638 brevissime
1174 1610 1431 1649 commorer,
1483 1598 1628 1639 minus
1666 1599 1844 1654 gravia*

124 1663 257 1706 etiam
289 1664 468 1707 omnino
502 1664 714 1707 omittam.

240 1734 277 1776 A
311 1734 489 1790 Cyrena
530 1735 687 1777 ordior.
753 1735 895 1787 Quam
937 1736 1232 1778 Callimachus
1278 1738 1335 1791 (v.
1365 1740 1421 1779 90
1437 1740 1550 1793 sqq.)
1593 1739 1817 1781 Theraeos

125 1804 298 1847 Carnea
345 1805 532 1861 primum
582 1805 625 1847 in
674 1805 815 1860 Libya
862 1809 1046 1861 agentes
1095 1821 1195 1849 cum
1243 1807 1446 1863 Apolline
1494 1809 1547 1851 de
1595 1809 1817 1864 Myrtussa

123 1875 328 1918 benivole
368 1879 594 1932 spectasse
633 1875 752 1928 fecit,
796 1876 870 1918 ubi
907 1877 1081 1919 leonem
1115 1878 1333 1933 Eurypyli
1365 1878 1513 1934 gregis
1546 1882 1817 1922 vastatorem

126 1949 343 1988 necasset.
399 1946 614 1988 Pindarus
648 1946 867 1989 cecinerat
904 1947 1049 2002 (Pyth.
1075 1948 1138 1989 IX
1163 1951 1322 2000 5—70)
1350 1949 1599 2004 Apollinem
1631 1949 1677 1991 in
1713 1950 1817 1992 Pelii

122 2016 237 2059 valle
261 2016 470 2071 Cyrenen
494 2017 678 2073 Hypsei,
712 2017 829 2072 regis
853 2018 1064 2070 Thessali,
1099 2018 1248 2070 filiam,
1274 2034 1406 2075 quam
1431 2019 1599 2062 Creusa
1619 2021 1817 2076 nympha

123 2087 270 2129 Peneo
318 2087 559 2142 genuisset,
609 2102 709 2130 cum
754 2088 883 2130 leone
929 2088 1024 2131 sine
1066 2089 1197 2130 armis
1241 2090 1486 2132 luctantem
1529 2091 1818 2133 vehementer

122 2156 327 2199 miratum
352 2171 462 2210 esse,
496 2157 700 2214 illiusque
723 2172 872 2200 amore
895 2173 1155 2214 percussum
1183 2174 1206 2202 e
1230 2159 1422 2202 Chirone
1446 2163 1658 2203 centauro
1683 2175 1816 2216 quae-

123 2227 291 2280 sivisse,
316 2228 414 2284 quis
436 2228 508 2271 illa
530 2229 654 2283 virgo
680 2232 808 2272 esset.
860 2228 943 2272 Cui
965 2229 1240 2272 Centaurum
1262 2231 1544 2286 respondisse
1577 2246 1623 2274 se
1655 2231 1815 2282 mirari,

123 2313 211 2354 qua
233 2299 287 2342 de
311 2313 444 2341 causa
471 2299 545 2355 qui
572 2299 719 2342 omnia
751 2303 917 2351 nosset,
952 2314 998 2342 se
1026 2301 1080 2343 de
1112 2300 1225 2342 illius
1252 2301 1432 2344 nomine
1458 2304 1814 2357 percontaretur3

122 2369 238 2411 illam
278 2383 382 2412 vero
426 2369 465 2412 ei
498 2369 765 2412 destinatam
808 2384 904 2412 esse
950 2385 1148 2423 uxorem,
1198 2386 1330 2427 quam
1368 2371 1413 2413 in
1446 2372 1632 2427 Libyam
1666 2387 1814 2415 secum

121 2443 311 2495 raperet,
360 2440 435 2481 ubi
473 2443 627 2495 postea
666 2441 821 2482 urbem
856 2440 1139 2483 clarissimam
1174 2442 1228 2483 ab
1263 2456 1315 2484 ea
1347 2443 1617 2498 appellatum
1649 2442 1722 2495 iri;
1771 2443 1815 2484 in

122 2510 373 2565 praesentia
410 2510 505 2553 fore
547 2514 597 2552 ut
637 2525 748 2567 puer
787 2511 841 2553 ab
882 2525 934 2554 ea
965 2514 1224 2554 nasceretur
1254 2512 1497 2565 Aristaeus,
1538 2527 1669 2569 quem
1703 2514 1814 2556 Mer-

242 2663 267 2708 ¹)
294 2663 333 2697 F.
353 2662 586 2707 Studniczka,
613 2665 771 2707 Kyrene,
799 2665 946 2708 Lipsiae
974 2665 1074 2699 1890.

238 2722 266 2767 2)
293 2723 332 2756 L.
351 2722 501 2766 Malten,
520 2723 677 2766 Kyrene,
696 2723 830 2765 Berlin,
850 2723 1067 2757 Weidmann
1085 2724 1170 2757 1911
1193 2723 1471 2768 (Philologische
1489 2724 1813 2768 Untersuchungen

121 2779 213 2824 XX).
263 2781 318 2814 Ex
356 2781 430 2816 illis
467 2783 529 2824 qui
554 2782 722 2816 Maltenii
759 2782 843 2816 libri
881 2792 1067 2816 censuram
1109 2782 1244 2825 publici
1282 2784 1371 2817 iuris
1408 2783 1572 2817 fecerunt
1609 2783 1665 2816 vel
1703 2784 1814 2818 etiam

121 2838 288 2873 Maltenii
307 2841 418 2883 copiis
436 2841 493 2874 usi
516 2842 586 2884 ipsi
605 2840 647 2874 de
667 2840 800 2875 fabulis
819 2841 1018 2883 cyrenaiois
1039 2841 1328 2883 disputaverunt,
1355 2841 1500 2875 honoris
1518 2851 1628 2875 causa
1653 2843 1812 2876 nomino:

122 2896 163 2932 V.
184 2897 364 2941 Costanzi,
414 2899 576 2933 Ausonia
608 2899 659 2934 VI
680 2900 780 2943 1911,
814 2900 856 2933 27
873 2910 959 2941 sqq..
1008 2900 1047 2933 A.
1077 2899 1284 2941 Feri-ahino,
1333 2901 1414 2933 Atti
1449 2900 1483 2933 di
1519 2900 1652 2934 Torino
1679 2901 1814 2936 XLVII

121 2955 189 2990 505
202 2966 288 3000 sqq.,
315 2957 396 3000 Aly,
416 2958 455 2991 B.
475 2958 532 3001 ph.
553 2958 678 2993 Woch.
701 2959 802 3001 1912,
832 2958 922 2992 1033
934 2968 1008 3000 sqq.
1036 2959 1132 2992 Ante
1150 2957 1366 2993 Maltenium
1385 2958 1540 3001 plurima
1559 2959 1814 2994 enucleaverat

121 3013 163 3048 A.
182 3014 331 3058 Gercke,
360 3017 513 3051 Hermae
539 3016 622 3050 XLI
642 3016 742 3059 1906,
770 3017 837 3051 447
851 3027 925 3058 sqq.
