2180 3482
349 216 428 257 132
976 211 1030 246 De
1054 211 1187 246 fabulis
1213 211 1400 255 cyrenaeis

1180 320 1206 359 6

460 391 529 432 Ad
560 387 954 443 interrogationem
987 388 1104 430 illam
1137 387 1336 430 nondum
1368 387 1691 443 respondimus,
1733 386 1857 429 cuius
1895 385 2038 441 gratia

342 462 421 502 has
445 458 768 516 disputationes
792 457 885 509 (cfr.
906 473 946 513 p.
969 461 1065 510 125)
1088 457 1372 509 instituimus,
1396 461 1545 500 utrum
1568 457 1643 514 qui
1664 460 1825 513 poetae
1847 457 2037 499 Theram

344 545 368 572 a
390 529 611 572 Thessalis
639 528 862 572 conditam
895 528 1118 580 dixerunt,
1151 530 1268 571 hanc
1300 528 1495 588 tabulam
1527 528 1733 571 traditam
1767 527 2036 583 acceperint,

344 616 400 642 an
438 600 482 642 id
525 600 643 656 quod
680 599 726 640 in
760 599 960 654 Cyrenas
1000 599 1251 654 quadraret,
1294 599 1368 641 illa
1405 602 1553 642 aetate
1585 599 1640 641 ad
1672 599 1861 641 Theram
1893 600 2037 640 trans-

343 671 539 722 tulerint,
589 685 689 712 cum
728 669 915 712 Theraei
955 669 1157 724 Cyrenas
1206 670 1387 712 colonos
1433 669 1676 722 misissent3
1725 683 1873 725 neque
1910 667 2038 711 nobis

345 741 574 796 continget
607 744 656 782 ut
681 740 806 782 filum
832 739 1126 792 inveniamus,
1162 742 1403 795 antequam
1433 739 1716 794 cognorimus
1743 753 1857 796 quae
1880 742 2038 794 gentes

345 813 475 854 deum
499 811 779 866 Eurypylum
810 813 1053 854 veneratae
1076 810 1176 861 sint,
1212 824 1326 866 quae
1348 811 1643 866 Euphemum,
1679 810 1898 862 Guneum,
1932 810 2038 852 Pro-

342 883 497 924 thoum
530 895 632 924 suos
664 882 822 924 heroes
855 880 1196 923 nominaverint.

460 953 680 995 Prothous
718 953 952 1007 Magnetas
991 951 1119 993 Ilium
1157 951 1282 993 duxit
1330 952 1476 1005 (Hom.
1506 952 1550 994 B
1573 953 1696 1005 756„
1745 951 2039 1007 Apollodorus

343 1024 461 1078 bybl.
495 1024 643 1065 11197
698 1023 888 1066 eundem
934 1021 1157 1077 Lycaonis
1202 1021 1358 1074 fflium,
1411 1022 1630 1065 Arcadem
1678 1021 1859 1074 scilicet,
1914 1022 2038 1074 dicit3

344 1094 551 1137 Guneum
573 1093 824 1136 Aenianum
857 1096 901 1136 et
924 1093 1276 1135 Perrhaeborum
1300 1093 1459 1135 ducem
1480 1092 1618 1135 fuisse
1646 1093 1867 1136 Homerus
1893 1094 1937 1136 B
1956 1095 2040 1135 758

343 1165 481 1216 novit,
531 1164 606 1220 qui
654 1164 820 1206 circum
866 1164 1103 1206 Dodonam
1151 1166 1193 1206 et
1242 1164 1297 1205 ad
1337 1162 1602 1206 Titaresium
1649 1162 1916 1215 habitarent,
1966 1163 2041 1220 qui

342 1235 506 1278 fluvius
527 1235 574 1277 in
596 1235 795 1277 Peneum
820 1233 985 1285 influit3
1021 1234 1290 1289 Stephanus,
1326 1234 1401 1289 qui
1433 1233 1562 1277 nobis
1595 1234 1828 1276 doctorum
1861 1234 2039 1277 alexan-

343 1306 570 1348 drinorum
593 1306 647 1348 de
669 1305 855 1347 urbibus
878 1305 1143 1360 urbiumque
1166 1304 1421 1347 nominibus
1455 1303 1686 1360 opiniones
1718 1307 2039 1360 repraesentat,

345 1376 529 1420 credidit
552 1377 707 1419 urbem
730 1375 1038 1432 perrhaebiam
1062 1375 1271 1418 Gonnum
1295 1378 1344 1429 (s.
1370 1391 1411 1418 v.
1435 1376 1628 1429 Γόννος)
1653 1375 1708 1418 ab
1740 1375 1812 1418 illo
1846 1375 2039 1431 appella-

344 1450 435 1489 tam
458 1461 573 1495 esse·,
607 1461 690 1489 nos
713 1449 870 1489 contra
893 1446 1198 1489 concludimus
1222 1446 1433 1501 eponymi
1456 1460 1620 1489 nomen
1643 1446 1699 1488 ab
1717 1445 1838 1488 urbis
1859 1445 2041 1488 nomine

344 1532 440 1561 esse
480 1517 741 1561 derivatum.
805 1517 1063 1560 Laonomen
1098 1516 1242 1559 Gunei
1274 1516 1424 1569 filiam,
1466 1516 1806 1573 Amphitryonis
1838 1519 2039 1569 matrem,

344 1589 617 1631 Pheneatam
650 1602 759 1639 esse,
801 1587 992 1631 civitatis
1034 1587 1264 1630 arcadicae
1303 1587 1460 1639 civem,
1500 1602 1616 1629 unus
1654 1590 1844 1629 testatur
1876 1588 2040 1629 Pausa-

347 1659 443 1701 nias
478 1659 599 1713 (VIII
626 1661 690 1711 14,
716 1661 778 1711 2),
811 1658 1120 1714 Apollodorus,
1156 1658 1231 1714 qui
1262 1658 1380 1700 idem
1413 1661 1601 1701 stemma
1633 1657 1839 1714 exprimit
1874 1658 1930 1709 (ΙΙ
1953 1661 2040 1709 50),

344 1731 398 1773 (10
432 1729 577 1773 Gunei
608 1729 752 1785 patria
783 1732 916 1772 tacet.
982 1729 1230 1771 Scholiasta
1262 1729 1441 1771 Pindari
1473 1730 1528 1771 ad
1560 1730 1690 1784 Pyth.
1714 1729 1776 1771 IV
1801 1731 1854 1771 79
1887 1731 2040 1771 narrat

346 1802 603 1843 Laonomen
650 1800 846 1852 alteram,
892 1799 1230 1856 Amphitryonis
1279 1803 1323 1842 et
1354 1799 1596 1842 Alcmenae
1639 1799 1790 1851 ffliam,
1837 1798 2041 1841 Herculis

345 1885 554 1923 sororem,
577 1871 809 1926 Euphemo
833 1870 1056 1926 nupsisse,
1081 1873 1228 1912 utrum
1251 1870 1297 1912 in
1320 1870 1548 1913 Thessalia
1570 1885 1627 1912 an
1648 1870 1693 1911 in
1716 1870 2040 1926 Peloponneso,

343 1946 491 1984 utrum
525 1942 708 1984 Guneus
741 1956 840 1984 cum
874 1942 1067 1984 Hercule
1099 1941 1144 1982 in
1178 1941 1364 1984 Graecia
1398 1941 1735 1998 septentrionali
1774 1941 2040 1984 coniunctus

346 2027 436 2055 una
482 2012 527 2054 in
571 2012 805 2054 Arcadiam
854 2012 1053 2067 migrarit
1101 2026 1158 2054 an
1200 2012 1368 2055 Phenei
1416 2013 1594 2055 demum
1639 2011 1797 2055 foedus
1843 2026 1943 2054 cum
1989 2025 2040 2054 00

346 2083 578 2139 pepigerit,
614 2083 658 2124 in
692 2082 945 2138 praesentia
977 2082 1159 2125 dubium
1193 2086 1272 2125 est.

462 2154 741 2209 Eurypylum
773 2154 939 2196 multae
962 2153 1043 2195 sibi
1071 2153 1275 2197 civitates
1303 2153 1611 2205 vindicabant;
1646 2153 1767 2195 illum
1795 2153 2042 2209 antiquitus

345 2225 606 2266 Thessalum
638 2223 775 2266 fuisse
807 2223 969 2266 indicia
1003 2227 1103 2266 sunt
1140 2224 1300 2280 quibus
1323 2224 1648 2280 comprobetur.
1702 2224 2040 2280 Eurypylum-¹),

344 2294 613 2337 Euaemonis
646 2294 799 2345 filium,
833 2294 929 2337 illos
962 2295 1197 2337 Thessalos
1230 2295 1405 2337 Troiam
1439 2295 1632 2346 duxisse,
1673 2295 1748 2351 qui
1781 2294 2041 2337 Ormenium

346 2368 386 2407 et
420 2364 591 2407 fontem
625 2365 863 2421 Ὑπέρειαν
896 2368 938 2408 et
966 2365 1191 2407 Asterium
1225 2369 1269 2407 et
1300 2369 1498 2408 montem
1532 2365 1740 2407 Titanum
1773 2365 2039 2417 obtinerent,

347 2438 538 2477 testatur
579 2435 761 2478 navium
805 2436 1034 2491 catalogus
1075 2435 1325 2478 homericus
1367 2438 1423 2489 (B
1457 2438 1680 2492 734sqq.).
1743 2436 1866 2478 Idem
1909 2438 2042 2492 poeta

348 2505 489 2548 Coum
511 2506 730 2561 Eurypyli
762 2506 918 2548 urbem
953 2506 1143 2561 appellat
1178 2507 1239 2559 (Β
1262 2509 1378 2560 677).
1428 2507 1513 2548 Par
1540 2509 1605 2549 est
1633 2506 1735 2548 illuc
1757 2507 2038 2562 Eurypylum

347 2590 370 2618 e
389 2576 615 2618 Thessalia
638 2576 866 2631 migrasse,
892 2576 1110 2633 siquidem
1127 2576 1379 2632 Aesculapii
1401 2576 1555 2632 religio
1579 2576 1744 2633 pariter
1768 2591 1791 2619 e
1814 2576 2040 2619 Thessalia

346 2645 389 2687 in
421 2646 539 2688 illam
571 2646 760 2689 insulam
794 2647 1009 2689 translata
1042 2650 1106 2689 est
1121 2646 1163 2698 2).
1212 2647 1469 2702 Eurypylus
1502 2647 1671 2702 Mysius
1695 2646 1878 2702 Telephi
1901 2647 2039 2689 Hera-

465 2777 490 2820 1)
517 2777 744 2820 Eurypylum
771 2777 884 2819 deum,
912 2777 974 2818 qui
999 2777 1224 2820 Argonautis
1250 2776 1404 2819 Libyam
1430 2776 1654 2819 denegasset,
1682 2779 1791 2817 atque
1816 2775 2041 2819 Eurypylum

345 2835 388 2868 ad
422 2836 558 2877 Libyae
591 2835 755 2879 scopulos
787 2835 1005 2879 naufragum
1036 2845 1147 2869 unum
1180 2836 1401 2877 eundemque
1432 2834 1544 2868 fuisse
1576 2834 1810 2869 manifestum
1842 2838 1913 2876 θεῖς
1947 2834 2042 2868 idem

343 2893 544 2936 voluerunt,
572 2895 633 2936 qui
659 2897 851 2936 utramque
876 2894 1037 2928 fabula-m
1065 2896 1358 2936 composuerunt3
1385 2892 1479 2927 alter
1504 2903 1588 2927 vero
1621 2893 1678 2926 dei
1694 2894 1920 2936 memInerat,
1947 2893 2042 2927 alter

343 2961 454 2985 unum
479 2951 620 2986 heroem
645 2952 863 2987 homericum
888 2956 1004 2987 norat.

462 3011 488 3054 ¹²)
515 3011 586 3044 Gfr.
606 3011 864 3054 Wilamowitz,
898 3011 1028 3054 Isyllos
1054 3012 1109 3045 52.
1159 3011 1290 3046 Peleus
1315 3021 1386 3045 non
1422 3010 1496 3054 Coi,
1534 3014 1576 3045 ut,
1602 3010 1908 3045 Wilamowitzius
1944 3021 2038 3044 anno
