2180 3482
851 213 904 246 De
930 223 986 246 vv.
1005 212 1120 245 5—12
1805 195 1831 250 9

139 324 275 378 ‹5’o’2xd›
301 322 497 377 Σάρὸιας
518 322 563 372 ἔς
586 336 631 362 τε
654 320 797 372 νομὸν
815 319 1147 373 Βερεκύνθιον)
1172 319 1309 371 utque
1328 316 1573 370 Aeschylus
1597 315 1833 371 scripserat

139 394 274 447 (Pers.
299 408 340 435 v.
364 394 466 443 492)
502 392 799 446 ΛΙαγνητικὴν
826 390 874 431 ὁὲ
897 395 1031 443 γαῖαν
1055 391 1100 440 ἔς
1121 404 1166 430 τε
1190 388 1477 429 Μακεδόνων
1499 390 1652 442 χώραν
1676 388 1831 442 ἀφικό-

137 466 298 517 μεσθα.
354 460 736 517 Praepositionum
777 459 831 500 ad
874 458 977 500 bina
1026 457 1303 499 substantiva
1350 456 1680 512 pertinentium,
1730 459 1833 498 ante

139 534 328 576 alterum
351 536 499 574 tamen
528 530 769 586 positarum
794 529 920 585 plura
943 528 1147 584 exempla
1180 526 1355 581 collegit
1380 526 1746 569 VVilamowitzius
1779 527 1832 568 ad

139 603 341 646 Herculis
374 601 626 658 euripideae
661 616 698 643 v.
725 602 822 644 237.

254 674 405 715 Altera
436 671 646 728 pericopa
678 670 763 713 iam
797 670 1009 726 sequitur,
1045 683 1160 725 quae
1192 668 1296 710 inde
1329 667 1500 709 initium
1536 667 1667 723 capit,
1702 668 1832 723 quod,

141 745 245 786 dum
276 743 432 799 Apollo
472 741 645 784 iamiam
681 741 819 792 adest,
857 740 950 783 sive
986 743 1120 796 poeta
1155 739 1248 782 sive
1283 752 1443 794 praeco
1476 738 1652 779 turbam
1684 741 1837 779 monet,

139 829 229 857 non
261 813 464 856 omnibus
498 813 628 854 deum
671 814 895 853 ostentum
934 810 1003 863 iri,
1042 810 1137 851 fore
1176 809 1251 865 qui
1284 824 1384 851 eum
1417 823 1506 850 non
1540 807 1833 863 conspiciant:

145 885 326 940 „Apollo
366 899 391 926 a
428 882 555 925 bonis
594 884 766 924 tantum
807 895 853 924 se
887 881 1007 923 cerni
1047 880 1259 936 patitur“;
1300 882 1395 921 tum
1427 894 1579 921 rursus
1611 878 1833 930 indicium,

140 954 238 1011 quis
264 955 406 996 bonus
440 953 507 1005 sit,
543 953 596 994 ab
629 951 832 1008 Apolline
865 954 1098 1007 perspecto
1132 949 1366 1006 repetitur:
1405 949 1506 1005 „qui
1540 964 1639 992 eum
1672 948 1834 1001 videat,

139 1025 359 1077 excelsus,
395 1024 501 1080 quin
529 1022 690 1073 videat„
718 1021 894 1064 humilis
921 1021 1009 1073 ille;
1045 1036 1126 1063 nos
1150 1035 1255 1064 vero
1285 1034 1385 1062 eum
1416 1019 1662 1063 videbimus
1689 1034 1836 1075 neque

140 1096 227 1138 iam
259 1095 446 1138 humiles
479 1095 682 1137 erimus“.
748 1093 952 1135 Profecto
980 1094 1064 1135 hoc
1091 1092 1307 1134 monitum
1336 1106 1436 1133 cum
1463 1091 1660 1133 scelestis
1688 1091 1835 1132 statim

142 1166 265 1208 initio
289 1165 468 1208 remotis
492 1165 816 1221 quodammodo
841 1163 1144 1218 coniungitur:
1181 1162 1285 1204 illud
1309 1161 1424 1204 enim
1458 1161 1670 1212 innuitur,
1705 1161 1739 1202 si
1763 1161 1837 1216 qui

140 1236 241 1278 mali
264 1236 308 1278 in
334 1237 500 1292 templo
527 1235 784 1286 manserint,
816 1234 897 1275 illis
920 1234 1065 1289 legem
1090 1248 1259 1275 sacram
1287 1232 1522 1287 migratam
1546 1232 1706 1274 nullius
1732 1246 1837 1274 usus

140 1307 246 1359 fore,
283 1321 430 1363 neque
465 1307 580 1350 enim
610 1306 693 1347 illis
720 1305 969 1361 Apollinem
997 1306 1286 1359 conspectum
1316 1318 1443 1345 suum
1471 1303 1835 1356 concessurum¹).

142 1379 230 1421 Sed
247 1377 569 1421 sententiarum
587 1376 872 1419 interstitium
892 1375 1023 1417 etiam
1043 1389 1094 1417 eo
1119 1375 1381 1425 declaratur,
1402 1375 1519 1430 quod
1547 1373 1621 1429 qui
1644 1373 1838 1429 loquitur

140 1463 230 1491 non
254 1452 453 1491 extrema
476 1447 785 1504 praecedentis
808 1446 1045 1502 pericopae
1068 1445 1205 1488 verba
1227 1445 1522 1501 prosequitur,
1549 1445 1626 1486 sed
1658 1445 1713 1486 ad
1748 1460 1786 1487 v.
1812 1447 1836 1485 2

141 1520 465 1576 quodammodo
499 1518 748 1562 revertitur.
798 1519 910 1559 Turn
937 1518 993 1559 ad
1018 1516 1196 1558 turbam
1223 1530 1464 1559 conversus
1493 1518 1617 1571 optat
1644 1517 1691 1556 ut
1714 1515 1838 1570 pueri

141 1605 287 1647 neque
320 1590 533 1632 citharam
566 1589 770 1632 silentem
802 1602 949 1644 neque
982 1588 1187 1629 immotos
1220 1587 1355 1642 pedes
1388 1587 1596 1637 habeant,
1626 1601 1725 1628 cum
1752 1585 1838 1627 iam

140 1661 297 1717 Apollo
332 1660 457 1712 adsit,
487 1660 703 1716 siquidem
731 1659 917 1715 cupiunt
944 1673 991 1701 se
1018 1659 1072 1700 ad
1099 1657 1291 1713 nuptias,
1320 1657 1452 1700 etiam
1480 1657 1534 1698 ad
1562 1658 1837 1699 senectutem

144 1731 342 1788 provehi,
389 1731 577 1783 moenia,
617 1730 737 1772 urbis
776 1729 956 1781 scilicet,
996 1729 1040 1770 in
1080 1728 1272 1784 antiquis
1310 1727 1612 1770 fundamentis
1645 1740 1837 1769 manere.

145 1804 237 1845 Iam
263 1816 424 1858 pueros
451 1801 647 1853 miratur,
679 1800 753 1857 qui
776 1801 831 1843 ad
855 1800 1068 1842 citharam
1093 1802 1257 1842 canant
1279 1800 1414 1855 atque
1441 1798 1621 1851 saltent3
1649 1798 1735 1840 iam
1758 1797 1839 1839 illis

142 1872 365 1916 silentium
395 1871 515 1914 facit.

265 1942 315 1987 12
350 1943 627 1985 Structuram
662 1942 834 1984 illorum
861 1942 1099 1985 verborum
1130 1944 1241 1997 μήτε
1269 1941 1503 1996 σιωπηλήν
1530 1942 1714 1995 κίθαριν
1739 1941 1840 1994 μήτ’

142 2018 329 2071 ἄψοφον
362 2018 485 2070 ἴχνος
523 2017 624 2068 τοὺς
662 2015 829 2066 παῖδας
868 2014 986 2068 ἔχειν
1026 2012 1061 2054 si
1099 2011 1335 2068 diligenter
1373 2012 1714 2067 perpendemus,
1754 2010 1838 2051 iam

141 2085 461 2141 perspiciemus
498 2084 766 2140 interpretes
803 2083 907 2135 falli,
949 2098 1048 2125 curn
1082 2085 1260 2124 sumant
1293 2096 1393 2125 eum
1428 2082 1502 2138 qui
1535 2081 1705 2133 recitat,
1741 2095 1838 2123 cum

141 2156 248 2213 ipsis
270 2155 418 2212 pueris
435 2155 568 2211 loqui.
604 2155 651 2197 Si
670 2155 787 2197 enim
805 2169 906 2196 cum
923 2153 1072 2210 pueris
1091 2154 1428 2209 colloqueretur,
1447 2167 1538 2195 non
1557 2156 1659 2205 τοὺς
1675 2153 1841 2204 παῖδας

142 2241 296 2270 verum
315 2231 356 2270 οἱ
371 2228 528 2279 παῖδες
546 2225 814 2282 scripsisset3
843 2224 1211 2281 quotiescumque
1230 2223 1347 2266 enim
1365 2224 1522 2266 modus
1538 2223 1739 2264 infinitus
1762 2222 1840 2263 im-

141 2297 331 2353 perativi
345 2297 515 2340 vicibus
530 2296 744 2352 fungitur,
764 2295 1027 2347 subiectum,
1047 2295 1082 2336 si
1095 2294 1274 2337 alterius
1288 2308 1505 2350 personae
1520 2295 1616 2336 loco
1636 2296 1715 2345 est,
1737 2307 1841 2335 casu

141 2367 430 2420 nominativo,
447 2367 483 2410 si
499 2367 670 2419 tertiae,
690 2381 795 2409 casu
812 2365 1068 2409 accusativo
1088 2365 1360 2420 adiungitur3
1378 2368 1425 2407 ut
1445 2380 1555 2421 opus
1574 2364 1630 2406 sit
1647 2367 1842 2406 statuere

142 2438 286 2482 virum
307 2437 429 2480 illum
452 2438 574 2494 pium
601 2437 695 2480 sive
728 2451 829 2479 cum
861 2436 992 2479 turba
1018 2436 1344 2491 colloquentem
1373 2435 1467 2479 sive
1499 2435 1643 2491 ipsum
1676 2449 1840 2485 secum,

144 2509 263 2565 quod
295 2523 401 2551 sane
432 2523 521 2550 non
554 2507 699 2549 minus
731 2508 891 2563 placet,
935 2509 1089 2563 optare
1120 2508 1170 2548 ut
1202 2506 1327 2562 pueri
1360 2506 1487 2548 iussis
1516 2506 1840 2561 obtemperent,

143 2594 233 2622 non
272 2579 366 2621 illos
406 2579 591 2631 hortari3
632 2578 675 2620 id
715 2579 833 2634 quod
871 2578 1151 2633 interpreteS,
1192 2579 1409 2633 quantum
1448 2576 1591 2628 video,
1626 2576 1751 2631 fugit.
1790 2602 1836 2604 m

143 2650 310 2693 Pueros
326 2664 479 2693 omnes
495 2664 668 2701 canere,
687 2649 859 2701 saltare,
876 2648 1038 2690 fidibus
1055 2648 1242 2704 psallere
1255 2662 1396 2703 usque
1411 2648 1555 2690 adhuc
1570 2646 1842 2689 intellexisse

144 2720 352 2764 videntur
398 2720 677 2776 interpretes,
727 2734 859 2775 quam
901 2723 1052 2761 tamen
1094 2718 1509 2774 interpretationem
1553 2717 1697 2760 fateor
1738 2716 1842 2758 mihi

144 2805 293 2847 neque
318 2791 616 2834 necessariam
643 2804 790 2846 neque
809 2789 1083 2846 probabilem
1106 2789 1258 2832 videri.
1312 2789 1490 2831 Nullum
1514 2788 1631 2831 enim
1655 2789 1843 2830 choreae

146 2861 399 2917 exemplum
430 2861 549 2913 novi,
583 2861 627 2902 in
655 2875 742 2917 quo
770 2860 964 2904 universi
994 2860 1251 2915 psallerent3
1289 2860 1365 2902 sed
1393 2859 1496 2901 inde
1519 2873 1545 2900 a
1567 2859 1747 2901 vasculo
1770 2858 1840 2899 illo

144 2931 413 2974 nobilissimo
432 2932 466 2973 F
468 2931 686 2986 rancoisii,
706 2931 781 2973 ubi
799 2933 996 2974 Theseus
1021 2930 1235 2972 citharam
1258 2945 1391 2972 manu
1414 2933 1574 2972 tenens
1599 2929 1841 2984 effingitur,

264 3000 429 3059 ¹)—Qffoff
446 3025 572 3048 moneo
600 3014 772 3048 adversus
798 3013 1001 3049 Vahlenum
1029 3013 1075 3057 (p.
1103 3013 1196 3058 798).
