2180 3482
924 227 977 260 De
1003 227 1075 261 v.1
1821 231 1846 269 5

153 334 331 376 oracula
366 333 531 387 ederet,
568 334 841 375 concuteret.
898 332 1037 374 Immo
1066 331 1315 388 prodigium
1343 346 1393 374 eo
1428 333 1695 385 continetur,
1730 335 1847 389 quod

152 419 243 445 non
282 402 443 458 Pythia
481 403 559 445 sed
596 402 691 458 ipse
730 403 838 444 deus
872 402 1109 457 Chremylo
1150 402 1437 454 vaticinatur,
1478 407 1622 456 σείσας
1655 418 1759 458 ergo
1793 405 1847 445 ad

153 475 284 517 deum
307 474 589 516 referendum
614 476 692 525 est,
718 473 791 529 qui
814 474 923 516 lauri
950 488 1121 516 ramum
1148 487 1282 514 manu
1305 472 1431 527 gerit,
1459 476 1507 515 ut
1534 474 1677 516 solent
1704 477 1845 526 vates,

153 559 253 587 cum
293 544 519 587 oraculum
559 544 708 586 edunt.
773 545 941 587 Eodem
982 546 1155 600 spectat
1193 543 1298 585 illud
1332 543 1493 585 Valerii
1526 545 1685 596 Flacci,
1729 546 1848 600 quod

152 614 494 671 Spannheimius
529 614 688 665 attulit,
727 615 782 657 de
804 615 971 658 Phineo
995 616 1013 656 I
1037 617 1122 656 548
1152 617 1217 657 lzic
1248 616 1410 657 demum
1446 617 1569 657 vittas
1599 618 1848 672 lacerumque

155 689 329 742 capessit
360 688 536 727 numina
568 691 668 728 nota
701 688 820 728 ciens.
884 685 1100 741 Apollinis
1134 699 1239 728 vero
1272 684 1317 726 in
1355 685 1520 740 templo
1553 685 1665 727 delio
1698 685 1849 727 limina

152 755 384 798 tremuisse
420 756 683 811 laurumque
721 756 790 798 dei
832 770 1096 812 responsum
1138 756 1318 798 Aeneae
1360 755 1585 797 reddentis
1627 755 1847 810 Vergilius

152 826 313 869 cecinit
345 826 471 879 (Aen.
496 826 557 867 ΠΙ
590 830 646 868 90
680 834 848 870 tremere
873 830 1013 870 omnia
1035 830 1123 870 visa
1152 833 1327 882 repente,
1366 829 1592 882 liminaque
1625 829 1849 883 laurusque

150 899 246 951 dei),
277 896 400 938 cuius
430 900 580 939 tamen
606 897 691 939 loci
718 911 769 940 ea
795 898 850 940 de
877 912 1011 940 causa
1036 897 1180 939 minor
1213 896 1454 938 auctoritas
1488 899 1567 949 est,
1602 897 1720 952 quod
1754 896 1848 952 ipse

150 967 337 1009 fortasse
359 968 413 1009 de
433 967 701 1010 Callimacho
727 981 965 1023 expressus
989 971 1055 1011 est
1071 968 1110 1020 ¹).
1132 994 1184 997 —
1213 967 1342 1018 Quod
1366 967 1511 1022 palma
1535 967 1649 1009 delia
1676 967 1847 1019 dicitur,

150 1037 254 1080 inde
292 1037 492 1093 profecto
533 1039 797 1081 concludere
843 1039 947 1081 licet
984 1040 1103 1081 hunc
1140 1039 1358 1093 hymnum
1397 1038 1450 1079 ad
1490 1037 1653 1080 festum
1686 1038 1847 1080 delium

151 1122 241 1150 non
274 1107 496 1163 pertinere
509 1108 557 1161 2);
605 1108 679 1164 qui
713 1109 829 1151 enim
861 1109 961 1152 Deli
994 1112 1115 1152 certa
1147 1109 1276 1152 arbos
1300 1108 1414 1151 delia
1446 1108 1657 1164 appellari
1690 1109 1846 1164 potuit,

151 1193 249 1221 cum
289 1193 442 1221 omnes
481 1178 621 1221 deliae
661 1180 839 1222 essent?
901 1180 960 1221 At
1002 1195 1089 1236 quo
1128 1179 1222 1222 iure
1256 1182 1423 1222 certam
1454 1179 1626 1221 laurum
1661 1179 1848 1234 Cyrenis

153 1248 311 1291 deliam
346 1263 505 1292 vocare
536 1249 722 1302 licuerit,
765 1251 971 1293 ostendet
1002 1250 1213 1293 Aelianus
1247 1252 1304 1304 (v.
1332 1251 1373 1291 h.
1402 1250 1463 1291 ΠΙ
1492 1252 1544 1301 1),
1588 1251 1660 1293 vel
1701 1250 1848 1305 potius

150 1320 466 1375 Theopompus
480 1319 507 1370 3)
549 1334 649 1362 cum
682 1321 907 1376 Hesychio
948 1321 1145 1364 collatus.
1209 1321 1287 1363 Ille
1320 1321 1434 1363 enim
1468 1323 1619 1363 narrat
1650 1321 1848 1376 Delphos

151 1390 390 1446 quotannis
417 1390 585 1446 aliquot
611 1392 919 1434 adulescentes
942 1394 1110 1448 Tempe
1136 1391 1312 1434 mittere
1339 1391 1490 1433 solitos
1514 1405 1623 1443 esse,
1649 1391 1723 1447 qui
1745 1391 1848 1434 inde

150 1475 319 1503 ramum
353 1461 445 1504 eius
468 1462 579 1504 lauri
601 1463 906 1519 decerperent,
942 1478 965 1506 e
999 1478 1087 1520 qua
1113 1463 1194 1505 sibi
1221 1477 1431 1505 coronam
1457 1462 1612 1518 Apollo
1641 1462 1849 1518 repetivit

150 1532 356 1587 Pythone
373 1532 654 1589 interempto.
689 1534 965 1590 Theopompi
982 1534 1285 1577 testimonium
1308 1534 1423 1576 idem
1447 1533 1533 1575 iam
1553 1533 1848 1575 Callimachus

150 1602 384 1645 confirmat
421 1604 672 1646 lamborum
714 1604 956 1660 fragmenti
998 1619 1140 1660 nuper
1181 1604 1344 1660 reperti
1387 1604 1571 1659 (Oxyrh.
1607 1604 1712 1659 Pap.
1747 1604 1845 1655 VH)

149 1689 190 1716 v.
226 1675 324 1726 230,
358 1674 433 1716 ubi
465 1675 614 1716 laurus
647 1675 841 1730 glorians
873 1676 1115 1718 inducitur:
1161 1679 1201 1718 οἱ
1233 1676 1402 1732 Δωριῆς
1436 1676 1484 1718 ὁὲ
1521 1675 1762 1728 Τεμπόθεν
1792 1691 1848 1728 με

150 1746 386 1798 τέμνουσιν
432 1747 574 1801 ὀρέων
620 1748 697 1789 ἀπ’
731 1749 885 1803 ἄκρων
930 1749 1003 1789 καὶ
1053 1749 1265 1803 φέρουσιν
1312 1748 1358 1798 ἐς
1391 1745 1589 1801 Δελφοὺς
1628 1748 1744 1801 ἐπὴν
1791 1748 1843 1788 τὰ.

149 1817 450 1869 τώπόλλωνος
484 1818 558 1872 ἱρὰ
590 1820 777 1873 γίνηται.
822 1817 1114 1872 Hesychius⁴)
1148 1831 1253 1860 vero
1294 1818 1479 1859 eandem
1512 1817 1682 1858 laurum
1717 1818 1848 1872 (quae

149 1885 233 1927 alia
271 1886 388 1928 enim
424 1890 451 1942 ἡ
491 1889 540 1929 ἐν
579 1893 669 1940 τοῖς
713 1888 905 1941 Τέμπεσι
949 1889 1098 1944 δάφνη
1138 1887 1321 1930 definito
1370 1887 1554 1929 articulo
1595 1886 1846 1942 praeposito

151 1956 299 1999 vocari
332 1956 522 2012 potuitP)
581 1958 739 2000 deliam
772 1958 935 2000 dictam
970 1972 1067 2001 esse
1099 1960 1300 2000 testatur.
1365 1958 1451 2001 Vix
1493 1958 1591 2000 fieri
1623 1957 1767 2013 potuit
1799 1959 1847 1999 ut

151 2029 273 2069 certa
305 2027 453 2069 laurus
487 2028 530 2069 in
564 2029 685 2070 cultu
721 2029 802 2081 „ad
834 2028 1116 2071 11161110116111α
1152 2029 1265 2071 illius
1298 2029 1549 2072 homericae
1574 2032 1597 2084 ζ
1624 2031 1704 2070 126
1735 2028 1848 2070 delia

151 2100 387 2140 vocaretur
400 2098 443 2150 ⁵),
467 2101 516 2140 ut
539 2099 685 2154 potius
708 2099 753 2140 in
776 2100 952 2141 Maassii
977 2101 1144 2151 (Herm.
1163 2100 1295 2142 XXV
1319 2103 1443 2152 1890,
1466 2103 1570 2154 403)
1594 2099 1847 2155 opinionem

149 2169 437 2220 traheremur,
479 2169 637 2212 deliam
677 2170 762 2212 dici
800 2171 973 2212 laurum
1014 2171 1189 2213 surculo
1223 2172 1278 2213 de
1312 2171 1457 2226 palma
1489 2171 1602 2213 delia
1635 2171 1845 2225 decerpto

152 2241 306 2281 ortam.
363 2240 512 2283 Simile
536 2244 603 2284 est
626 2242 745 2297 quod
768 2242 982 2284 Hercules
1006 2242 1060 2284 ab
1085 2255 1135 2284 eo
1161 2241 1235 2297 qui
1258 2241 1478 2284 mirabiles
1501 2240 1847 2283 auscultationes

150 2310 612 2365 pseudoaristotelicas
643 2311 818 2368 scripsit
849 2311 1009 2354 dicitur
1031 2318 1089 2367 (p.
1109 2314 1230 2354 834a
1250 2314 1306 2354 23
1330 2321 1442 2368 sqq.)
1473 2313 1646 2354 surculo
1671 2312 1726 2354 de
1748 2312 1845 2353 olea

149 2379 222 2422 illa
259 2384 519 2436 portentosa
558 2383 782 2438 decerpto,
825 2397 939 2438 quae
976 2382 1164 2425 Athenis
1203 2382 1248 2424 in
1280 2383 1480 2425 Pantheo
1520 2382 1847 2437 religiosissime

150 2451 382 2504 coleretur,
425 2453 567 2495 oleam
609 2453 776 2496 sevisse
819 2468 842 2496 e
884 2468 972 2509 qua
1014 2453 1190 2495 athletis
1235 2453 1280 2494 in
1325 2453 1567 2496 certamine
1613 2452 1845 2508 Olympico

267 2557 291 2602 ¹)
321 2558 474 2593 Cautius
499 2559 635 2601 loquor,
663 2560 755 2601 quod
782 2559 848 2593 hoc
873 2559 961 2594 mihi
987 2570 1057 2593 non
1083 2562 1161 2593 tam
1180 2562 1277 2594 certo
1298 2562 1444 2594 constat
1469 2570 1575 2601 quam
1594 2559 1760 2593 Nordeno
1788 2558 1846 2602 (ad

147 2616 236 2650 Aen.
255 2617 307 2651 VI
332 2617 430 2662 255):
458 2628 543 2652 nam
570 2619 690 2652 omnia
715 2621 869 2653 tremere
887 2620 924 2652 in
943 2619 1070 2660 quavis
1097 2618 1153 2652 dei
1179 2619 1382 2661 praesentis
1409 2619 1649 2661 descriptione
1675 2617 1846 2652 sollemne

149 2677 238 2718 erat,
264 2675 390 2710 laurea
417 2687 589 2711 concussa
615 2678 651 2710 in
678 2678 805 2719 quavis
832 2677 1012 2720 Apollinis
1038 2678 1181 2719 quidem
1207 2679 1419 2720 praesentis.

268 2734 295 2779 2)
323 2734 423 2777 Quod
448 2746 573 2770 moneo
600 2739 748 2779 propter
774 2735 1034 2770 Studniczkam
1060 2736 1180 2770 Herm.
1208 2736 1367 2771 XXVIII
1395 2736 1495 2778 1893,
1524 2736 1545 2769 6
1572 2747 1647 2778 5ης,

267 2792 292 2837 ³)
321 2793 361 2827 E.
388 2795 483 2827 enim
509 2794 551 2828 A.
572 2795 614 2828 de
635 2794 775 2828 Stefani
803 2794 856 2839 (B.
877 2794 934 2837 ph.
956 2795 1014 2829 W.
1037 2795 1136 2838 1911,
1163 2795 1222 2838 92)
1251 2795 1515 2829 demonstravit
1540 2794 1733 2828 Aelianum
1757 2794 1846 2828 haec

148 2861 166 2884 e
191 2851 419 2895 Theopompo
446 2854 674 2896 expressisse.

267 2911 295 2953 4)
323 2921 349 2945 s.
377 2922 408 2945 v.
439 2911 650 2957 Δυαρειά’ἡ
677 2915 718 2946 ἐν
745 2917 821 2954 τοῖς
853 2912 1021 2957 Τέμπεσι
1047 2912 1235 2957 ὁάφνη τό
1263 2913 1302 2945 δὲ
1328 2914 1416 2946 αὐτὸ
1444 2914 1505 2946 καὶ
1535 2912 1668 2956 Δηλία.

268 2968 295 3013 5)
322 2970 398 3003 Hoc
425 2971 518 3003 enim
545 2970 587 3004 de
612 2970 738 3004 laurea
764 2970 1008 3004 Callimachea
1033 2971 1220 3004 contendit
1237 2971 1419 3005 Maltenus
1447 2971 1492 3016 (p.
1508 2971 1563 3014 43,
1590 2982 1623 3014 p.
1639 2971 1683 3004 52
1702 2971 1782 3005 adn.
1799 2971 1844 3015 1);

149 3025 334 3071 Πυθικὴν
360 3029 509 3073 δάφνην
535 3028 745 3073 Chremylus
771 3029 913 3063 laurum
941 3028 1141 3072 delphicam
1168 3033 1286 3074 vocat,
1316 3041 1395 3063 cuin
1422 3030 1575 3064 Athenis
1602 3030 1720 3075 degat.
