2180 3482
842 232 895 266 De
920 243 977 266 vv.
1000 233 1138 267 72—76
1779 238 1834 277 53

139 349 273 391 saepe
305 334 558 392 corripitur;
599 351 828 392 nunquam
866 340 1017 380 tamen
1055 338 1326 393 producitur,
1369 339 1475 395 quin
1506 340 1552 381 in
1584 340 1669 382 arsi
1702 341 1833 384 collo-

139 409 238 449 cata
270 406 337 448 sit.
394 407 504 449 Inde
536 406 621 448 iam
656 406 891 449 Maltenius
925 410 984 463 (p.
1011 410 1081 462 71)
1116 411 1236 451 recte
1270 410 1481 452 adversus
1516 411 1833 454 Studniczkam

138 476 355 519 conclusit
387 476 505 519 illam
539 477 753 532 syllabam
777 479 848 520 Kv
873 480 1030 532 suapte
1052 481 1212 521 natura
1233 479 1413 522 brevem
1437 480 1593 534 fuisse3
1628 481 1833 537 equidem

139 548 365 590 contendo
414 547 753 603 productionem
796 562 887 591 non
932 548 1058 600 illius,
1106 549 1181 604 qui
1221 550 1551 605 Cyrenaeorum
1597 555 1832 595 consuetu-

137 617 284 660 dinem
318 617 527 673 loquendi
564 617 803 672 ignoraret,
851 619 927 660 sed
973 622 1204 674 poetarum
1251 620 1377 676 quasi
1422 622 1643 677 propriam
1681 622 1830 676 fuisse,

138 688 212 744 qui
253 687 450 730 numeris
497 688 776 731 inservirent.
848 689 1004 745 Neque
1042 690 1153 732 haec
1191 691 1414 733 conclusio
1454 691 1596 734 forma
1632 693 1832 748 responsi

137 760 270 801 Batto
313 758 484 810 redditi,
526 773 657 814 quam
698 759 825 801 nobis
856 759 1077 803 Diodorus
1112 761 1232 811 (VIII
1256 764 1327 815 29)
1362 765 1679 817 repraesentat,
1712 763 1831 806 labe-

134 827 344 870 factatur:
390 829 525 871 Βάττ’
562 831 635 872 ε’πὶ
678 833 838 885 φωνὴν
880 832 1032 885 ἦλθες·
1073 831 1188 884 ἄναξ
1227 833 1274 874 δέ
1313 848 1362 874 σε
1404 834 1564 888 Φοῖβος
1603 832 1831 876 Ἁπόλλων

134 902 197 952 εἰς
222 900 396 956 Λιβύην
428 902 595 954 πέμπει
618 902 980 956 καλλιστέφανον
1001 901 1219 958 Κυρήνης
1242 905 1414 958 εὐρείης
1437 906 1592 958 ἄρχειν
1614 906 1687 946 καὶ
1711 906 1830 959 ἔχειν

133 970 367 1026 βασιληίδα
409 974 554 1026 τιμήν,
604 984 718 1026 quae
760 973 985 1013 secuntur.
1049 971 1161 1013 Nam
1199 972 1315 1014 hanc
1348 973 1512 1015 oraculi
1544 973 1731 1016 formam
1762 988 1829 1017 re-

135 1040 377 1084 centiorem
409 1055 506 1083 esse
538 1041 641 1083 inde
674 1040 878 1093 elucebit,
913 1042 1045 1096 quod,
1086 1041 1122 1082 si
1160 1055 1257 1084 eam
1296 1057 1396 1084 cum
1436 1044 1612 1086 oraculo
1653 1058 1829 1100 compa-

133 1111 300 1154 raveris
342 1111 539 1154 eiusdem
580 1111 842 1163 sententiae,
891 1111 1095 1154 breviore
1141 1115 1292 1155 tamen
1340 1115 1384 1155 et
1430 1113 1662 1169 pressiore,
1711 1116 1830 1171 quod

134 1182 388 1224 Herodotus
427 1181 623 1226 servavit
661 1183 721 1224 IV
757 1185 836 1224 155
876 1182 1007 1225 Βάττ’
1048 1185 1123 1226 ἐπὶ
1157 1187 1317 1239 φωνὴν
1350 1185 1506 1239 ἦλθες·
1548 1186 1665 1238 ἄναξ
1703 1188 1751 1229 δέ
1783 1203 1829 1230 σε

136 1252 296 1308 Φοῖβος
334 1251 562 1296 Ἁπόλλων
608 1255 653 1305 ἐς
699 1254 873 1309 Λιβύην
922 1255 1090 1307 πέμπει
1133 1256 1423 1310 μηλοτρόφον
1466 1258 1696 1312 οἰκιστῆρα
1738 1271 1828 1299 non

134 1322 273 1378 plura,
316 1322 396 1364 tibi
434 1322 665 1365 fatendum
700 1323 781 1366 erit
812 1337 903 1365 non
936 1324 1088 1366 ambas
1114 1324 1278 1366 formas
1307 1324 1525 1380 genuinas
1554 1340 1650 1369 esse
1678 1341 1825 1382 posse3

133 1395 233 1435 utra
267 1392 336 1445 sit,
370 1396 415 1436 et
447 1393 588 1449 ipsam
619 1393 885 1437 brevitatem
919 1395 1144 1438 declarare
1177 1397 1220 1438 et
1252 1409 1409 1438 vocem
1444 1400 1654 1454 οἱκιστήρ,
1694 1412 1827 1454 quam

134 1463 325 1506 doricam
361 1477 471 1516 esse,
515 1478 538 1507 e
577 1464 757 1520 propria
795 1464 958 1508 civium
992 1479 1313 1520 cyrenaeorum
1345 1467 1556 1522 loquendi
1589 1471 1824 1511 consuetu-

133 1533 235 1577 dine
274 1535 596 1590 depromptam,
646 1535 857 1591 peculiari
897 1536 1272 1579 commentatione
1314 1538 1615 1582 demonstravi
1656 1539 1827 1593 (Glotta

137 1607 278 1659 1913).
342 1605 458 1647 Nihil
491 1619 597 1661 ergo
630 1606 814 1662 impedit
847 1606 1084 1662 quominus
1112 1607 1233 1649 illum
1266 1622 1445 1651 versum
1478 1612 1625 1652 aetate
1647 1608 1847 1652 demum'

132 1675 410 1718 hellenistica
441 1675 486 1717 in
520 1690 617 1719 eam
649 1676 836 1719 formam
868 1678 1096 1720 redactum
1131 1692 1404 1721 censeamus.

252 1746 308 1790 74
346 1750 475 1790 ἕκτον
512 1750 641 1803 γένος
682 1749 927 1791 Οἰδιπόδαο
966 1749 1132 1792 Theras
1175 1749 1335 1791 dicitur
1373 1751 1395 1791 ὁ
1428 1751 1712 1805 Αὐτεσίωνος
1748 1758 1826 1794 τοῦ

137 1818 406 1871 Τεισαμενοῦ
447 1825 525 1860 τοῦ
561 1819 843 1875 Θερσάνδρου
886 1824 965 1862 τοῦ
995 1821 1299 1873 Πολυνείκεος
1332 1820 1573 1876 Oedipodis
1604 1820 1683 1863 filii
1729 1822 1823 1878 (cfr.

133 1888 297 1931 Herod.
325 1888 386 1930 IV
422 1891 540 1943 147);
589 1888 725 1944 stipes
771 1888 888 1931 enim
927 1889 1094 1945 primus
1131 1890 1378 1933 rationibus
1416 1891 1669 1944 includitur,
1717 1895 1763 1934 ut
1801 1907 1827 1935 a

133 1958 352 2001 Pausania
373 1959 435 2001 IV
463 1961 528 2011 15,
553 1962 579 2001 3
612 1959 889 2015 Theopompi
915 1974 1103 2015 regnum
1126 1962 1170 2014 ἐς
1194 1963 1425 2017 ἀπόγονον
1448 1964 1661 2019 τέταρτον
1693 1964 1826 2006 deve-

132 2028 251 2072 nisse
272 2032 478 2072 narratur
494 2029 822 2072 Anaxidamum
847 2031 1128 2085 Ζευξιδάμου
1149 2037 1229 2074 τοῦ
1246 2031 1505 2088 Ἀρχιδάμου
1527 2039 1606 2076 τοῦ
1625 2034 1826 2088 Θεοπόμ-

131 2116 234 2143 που.
287 2101 555 2156 Exemplum
587 2100 710 2144 vocis
733 2103 861 2157 γένος
884 2100 945 2144 ita
967 2101 1138 2157 positae
1160 2105 1209 2144 ut
1230 2102 1407 2158 generis
1430 2104 1617 2159 gradum
1643 2118 1826 2146 numero

133 2170 336 2226 apposito
369 2170 535 2214 indicet
567 2186 837 2228 quamquam
874 2172 1044 2214 nullum
1083 2172 1201 2215 aliud
1246 2176 1422 2229 praesto
1462 2176 1542 2226 est,
1584 2188 1723 2230 prope
1756 2189 1826 2217 ac—

134 2241 249 2284 cedit
278 2241 384 2283 illud
415 2241 528 2284 Isaei
559 2242 625 2283 XI
649 2245 674 2284 5
697 2243 766 2285 δεῖ
795 2243 849 2298 δή
883 2258 929 2286 σε
959 2249 1036 2299 τῆς
1068 2245 1318 2299 ἀγχιστείας
1342 2278 1349 2286 .
1375 2278 1383 2286 .
1410 2278 1417 2286 .
1441 2247 1490 2288 τὸ
1521 2247 1650 2300 γένος
1681 2248 1828 2288 εἰπεῖν

136 2312 414 2367 „agnationis
446 2312 686 2364 vinculum,
720 2313 954 2368 gradum“;
995 2313 1067 2357 vel
1100 2314 1280 2369 propius
1322 2314 1427 2357 illud
1460 2318 1682 2357 oratorum
1715 2315 1828 2357 Atti-

134 2396 283 2424 corum
309 2383 622 2438 pervulgatum
649 2388 689 2426 οἱ
722 2386 935 2439 ἐγγύτατα
968 2386 1142 2439 γένους;
1178 2385 1394 2441 δεύτερος,
1428 2389 1570 2442 τρίτος
1603 2388 1829 2442 ἀπόγονος

133 2452 259 2494 multi
297 2453 518 2496 dixerunt.
559 2480 614 2484 —
661 2454 714 2498 76
750 2454 1046 2497 Callimachus
1080 2455 1414 2509 Cyrenaeorum
1453 2470 1609 2512 agrum
1655 2459 1829 2514 Ἀσβυσ-

133 2525 231 2566 τίδα
273 2529 407 2580 γαῖαν
446 2524 570 2576 dixit,
611 2527 661 2567 ut
698 2526 939 2581 Ἀσβύστας
978 2525 1142 2580 Libyas
1180 2527 1294 2583 ὑπὲρ
1326 2529 1539 2584 Κυρήνης
1576 2527 1829 2570 habitantes

133 2594 388 2637 Herodotus
433 2595 676 2650 appellarat
721 2596 796 2646 (IV
832 2598 942 2650 170).
1008 2596 1129 2638 Idem
1169 2595 1466 2639 Callimachus
1511 2597 1680 2640 flumen
1717 2598 1828 2653 liby-

135 2678 237 2707 cum
270 2664 498 2708 Tritonem
521 2666 761 2721 Asbystam
793 2666 973 2709 vocavit
1005 2666 1077 2709 vel
1109 2666 1256 2721 potius
1279 2670 1462 2710 vocarat
1482 2667 1580 2709 libri
1600 2668 1829 2711 Aetiorum

133 2735 153 2776 Ι
174 2734 225 2777 fr.
255 2738 306 2777 13
339 2740 409 2792 οἴη
435 2753 480 2779 τε
514 2738 735 2793 Τρίτωνος
760 2736 828 2792 ἐφ’
855 2737 1013 2779 ὕδασιν
1031 2736 1299 2793 Ἀσβύσταο.
1325 2764 1372 2769 w
1393 2740 1596 2794 πάρθετο
1619 2738 1831 2793 singulari

137 2806 329 2861 quodam
348 2807 546 2862 pondere
564 2807 730 2849 dictum
750 2810 837 2860 est;
862 2822 965 2849 nam
983 2809 1321 2864 παρατίθεσθαι
1338 2822 1503 2863 genere
1520 2808 1664 2851 medio
1684 2808 1830 2864 potius

134 2911 279 2956 τολμᾶς
305 2914 404 2957 τάμὰ
429 2913 532 2958 μέλη
559 2915 706 2958 ψέγειν,
733 2914 805 2947 ἀνὰ
832 2914 870 2946 τὸ
895 2913 1217 2957 δωδεκαμήχανον
1240 2914 1424 2959 Κυρήνης
1448 2914 1690 2959 μελοποιῶν;
1716 2925 1830 2957 neque

135 2971 230 3004 enim
261 2973 451 3016 perspicio,
485 2983 548 3007 cur
580 2983 651 3007 non
683 2973 793 3007 liceat
819 2983 961 3007 versum
993 2972 1248 3016 glyconeorum
1274 2975 1380 3008 seriei
1406 2977 1606 3008 extremum
1637 2976 1692 3009 ita
1723 2974 1833 3011 dime-

135 3029 209 3072 tiri,
235 3032 278 3063 ut
303 3032 353 3064 sit,
377 3030 624 3073 pherecratius
649 3033 758 3066 istius
784 3032 919 3066 formae
945 3046 1001 3064 22ss
1016 3046 1037 3063 ,2
1052 3047 1143 3064 ουᾼ
1158 3046 1188 3067 J..
