2180 3482
663 232 716 266 De
742 233 854 266 tertia
879 233 1055 276 pericopa.
1106 232 1160 266 De
1186 244 1218 267 v.
1237 233 1281 267 25
1767 237 1816 276 17

131 340 336 394 spectant
380 337 451 380 vel
500 337 559 379 ita
607 337 949 379 introducuntur
990 340 1037 379 ut
1082 337 1184 380 illuc
1228 341 1431 393 spectare
1476 339 1726 392 videantur,
1771 343 1819 382 ut.

131 409 472 461 demonstretur,
497 421 633 463 quam
655 412 846 462 εὔυμνος
868 407 1024 463 Apollo
1049 408 1116 460 sit,
1142 423 1274 464 quam
1298 409 1342 450 in
1370 413 1577 465 promptu
1602 424 1701 452 eum
1726 424 1818 452 car-

132 479 324 521 minibus
358 493 489 535 quam
523 478 719 533 plurimis
753 481 797 521 et
829 492 961 534 quam
994 478 1127 521 variis
1161 479 1364 535 prosequi
1378 480 1417 533 ¹).

251 550 304 594 25
338 551 388 591 In
423 552 466 605 ἰὴ
500 552 544 605 ἰή
583 548 856 604 quantitates
895 549 955 591 ita
993 549 1178 601 variant,
1224 552 1273 591 ut
1305 566 1345 593 v.
1371 553 1396 591 2
1430 553 1533 603 ἑκὰς
1566 554 1682 604 ἑκάς.
1733 552 1819 594 Sed

130 621 214 662 hoc
246 621 342 662 loco
374 620 615 662 tenendum
640 619 957 662 Callimachum
989 634 1079 661 non
1112 622 1285 662 tantum
1319 621 1517 663 vocalem
1551 625 1654 664 ante
1688 636 1818 665 voca-

130 691 214 733 lem
239 689 471 745 corripere,
506 692 722 745 quantum
744 689 927 733 vocibus
959 690 1041 732 illis
1074 690 1169 733 sine
1201 705 1333 733 sensu
1369 692 1437 734 vel
1470 692 1636 734 ululatu
1671 706 1694 735 e
1727 692 1819 734 libi-

131 761 234 818 dine
281 760 356 814 uti,
404 774 477 802 eas
526 759 585 802 ita
634 760 853 816 corripere
898 762 1156 816 producere,
1202 764 1249 803 ut
1292 761 1331 804 ei
1377 762 1609 804 conducat.
1674 762 1821 818 Atque

130 831 333 873 omnibus
360 830 403 873 id
426 830 605 873 licebat:
642 830 773 873 etiam
797 831 992 873 carmina
1014 831 1058 873 in
1082 831 1216 874 sacris
1239 832 1425 875 recitata
1448 833 1651 888 exemplo
1679 836 1817 875 erant.

130 902 241 944 Nam
275 904 312 944 ἱέ
352 901 398 943 in
439 901 570 944 certis
610 901 808 944 formulis
849 902 1034 944 recurrit
1072 917 1163 945 non
1204 905 1378 944 tantum
1418 904 1535 959 apud
1568 906 1736 959 poetaS,
1786 904 1819 945 si

129 973 190 1015 ita
229 972 349 1029 loqui
388 972 504 1024 licet,
548 972 757 1027 profanos
799 986 955 1015 verum
997 973 1128 1015 etiam
1172 973 1217 1014 in
1260 973 1503 1029 paeanibus
1543 975 1820 1016 sacerdotum

131 1058 235 1086 cura
289 1043 508 1099 lapidibus
561 1042 808 1098 insculptis:
868 1046 917 1084 ut
971 1043 1014 1084 in
1065 1058 1237 1099 paeane
1280 1044 1351 1087 illo
1390 1044 1641 1100 Aesculapii
1682 1060 1820 1097 sacro,

131 1114 254 1156 cuius
287 1113 373 1155 iam
405 1113 490 1155 tria
522 1112 791 1168 exemplaria
822 1116 1040 1166 tenemus,
1080 1113 1198 1156 aliud
1230 1115 1502 1158 Ptolemaide
1534 1115 1576 1157 in
1612 1116 1819 1171 Aegypto

130 1186 367 1239 repertum,
422 1182 596 1226 circiter
648 1198 815 1225 annum
867 1187 947 1226 lOO
986 1200 1026 1240 p.
1067 1184 1169 1227 Chr.
1200 1200 1242 1227 n.
1283 1185 1482 1238 incisum,
1532 1186 1649 1228 aliud
1697 1188 1819 1229 athe-

129 1254 285 1297 niense
336 1254 407 1298 vel
450 1254 686 1306 recentius,
741 1255 857 1297 aliud
906 1258 1061 1298 contra
1117 1257 1398 1311 erythraeum
1447 1257 1578 1299 medii
1623 1258 1693 1300 vel
1733 1257 1820 1299 for-

128 1328 246 1368 tasse
274 1324 468 1368 ineuntis
499 1324 663 1367 saeculi
690 1326 751 1368 IV
784 1340 821 1371 a.
848 1325 948 1368 Chr.
980 1341 1022 1368 n.
1038 1325 1082 1381 2),
1122 1343 1194 1370 vv.
1219 1330 1257 1369 9.
1287 1330 1350 1368 11.
1382 1330 1443 1369 13.
1474 1330 1523 1369 16
1557 1327 1821 1383 exemplaris

129 1395 327 1452 aegyptii
375 1397 475 1447 (hoc
522 1395 639 1438 enim
683 1411 821 1438 unum
863 1396 1029 1453 optime
1070 1400 1294 1441 servatum
1337 1401 1419 1452 est)
1463 1401 1501 1441 ἱὲ
1540 1403 1575 1441 ὢ
1609 1400 1647 1441 ἱὲ
1679 1401 1821 1442 παιάν

127 1466 329 1522 legimus,
363 1482 434 1509 vv.
464 1469 527 1508 15.
558 1469 608 1508 18
637 1468 675 1509 ῐὲ
707 1469 850 1509 παιάν
885 1467 1130 1520 invocatur,
1171 1484 1243 1512 vv.
1274 1471 1336 1510 14.
1367 1472 1417 1511 18
1451 1484 1554 1512 vero
1589 1473 1632 1525 ἰὴ
1664 1472 1819 1512 παιάν.

130 1538 241 1580 Item
263 1537 337 1579 IV.
363 1537 537 1579 saeculo
562 1537 844 1580 Philodamus
872 1538 1052 1593 paeanis
1082 1538 1225 1581 Liberi
1259 1539 1303 1581 in
1337 1540 1548 1582 honorem
1573 1539 1816 1595 compositi,

132 1607 207 1664 qui
229 1607 413 1663 Delphis
440 1610 642 1663 repertus
676 1611 742 1650 est
775 1608 910 1657 (BCH
934 1609 1044 1651 XIX
1074 1612 1196 1662 1895,
1228 1613 1315 1652 400
1338 1613 1466 1666 sqq),
1495 1626 1567 1654 vv.
1593 1613 1630 1652 5.
1661 1613 1723 1652 18.
1749 1609 1837 1652 31.'

134 1681 202 1720 57.
232 1681 326 1720 109.
356 1680 448 1719 122.
479 1681 571 1720 136.
601 1680 681 1720 148
714 1678 919 1721 Liberum
964 1683 1058 1723 εὐοὶ
1092 1684 1126 1723 ὢ
1160 1683 1200 1723 ἱὸ
1232 1683 1373 1736 Βάκχ’
1397 1685 1432 1724 ὢ
1474 1684 1656 1724 ῐεπαιάν
1696 1680 1820 1724 invo-

129 1748 260 1800 cavit,
303 1764 374 1792 vv.
403 1751 467 1790 11.
497 1751 564 1790 24.
589 1751 657 1790 37.
683 1752 750 1791 62.
780 1752 873 1792 115.
903 1752 996 1796 128.
1028 1753 1108 1792 142
1148 1754 1343 1797 ἱεπαιάν.
1406 1752 1518 1794 Item
1555 1751 1819 1794 Aristonous

128 1819 172 1860 in
223 1819 416 1862 carmine
465 1820 583 1875 quod
623 1819 706 1875 ipsi
737 1820 900 1876 Delphi
940 1820 986 1862 in
1026 1822 1191 1877 templo
1233 1822 1563 1864 inscribendum
1597 1826 1819 1875 curarunt,

128 1893 172 1945 ἰὴ
206 1891 244 1932 ῑὲ
275 1893 418 1933 παιάν
451 1893 495 1933 et
528 1894 563 1933 ὢ
598 1891 636 1933 ἱὲ
666 1893 809 1934 παιάν
841 1891 1044 1933 alternat.
1098 1892 1335 1935 Praeterea
1366 1893 1525 1948 Isyllus
1557 1893 1821 1949 Epidaurius

126 1960 167 2001 D
198 1963 214 2001 1
254 1962 312 2016 (p.
342 1963 392 2002 13
426 1961 549 2016 Wil.)
592 1965 806 2004 ῖεπαιᾰνα
837 1963 952 2004 θεόν
994 1962 1182 2018 scripsit,
1225 1966 1319 2005 tum
1352 1979 1424 2007 vv.
1450 1966 1518 2006 22.
1543 1966 1597 2006 25
1638 1967 1820 2008 ῐεπαιὰν

129 2034 323 2074 ῐεπαιᾶν.
373 2031 453 2073 His
487 2046 510 2074 e
542 2031 806 2074 testimoniis
839 2032 1142 2075 concludimus
1177 2036 1220 2076 et
1254 2037 1298 2090 ἰή
1330 2037 1375 2077 et
1408 2037 1445 2077 ἱέ
1476 2034 1521 2076 in
1554 2035 1689 2077 sacris
1722 2050 1819 2091 pro-

128 2100 294 2144 miscue
318 2102 653 2157 pronuntiatum
681 2116 790 2154 esse,
823 2106 873 2144 ut
903 2117 993 2145 non
1025 2103 1156 2146 liceat
1189 2105 1369 2148 credere
1402 2109 1556 2161 poetas
1579 2106 1820 2161 dactylicos

131 2173 168 2213 ἱὲ
202 2185 257 2214 ex
291 2175 334 2228 ἰή
366 2172 539 2225 fecisse,
583 2188 669 2229 quo
701 2172 873 2215 facilius
905 2173 998 2216 illas
1041 2189 1174 2218 voces
1213 2175 1409 2219 numeris
1449 2176 1818 2232 constringerent.

128 2241 276 2298 Atque
298 2241 384 2284 iam
409 2246 593 2299 apparet
616 2243 854 2286 Pindarum
877 2244 921 2285 in
949 2245 1193 2300 paeanibus
1215 2246 1404 2289 formula
1437 2261 1660 2289 sacrorum
1692 2263 1819 2289 usum

129 2327 239 2365 esse,
274 2327 373 2355 cum
397 2328 488 2355 non
511 2314 651 2356 solum
678 2329 834 2370 paean.
858 2316 877 2357 I
900 2331 940 2359 V·
967 2318 992 2357 5
1025 2319 1069 2372 ἰὴ
1104 2320 1147 2373 ἰή
1181 2316 1406 2369 scriberet,
1442 2333 1627 2373 quarum
1661 2333 1820 2362 vocum

131 2383 405 2439 quantitates
445 2384 649 2440 equidem
682 2400 773 2428 non
805 2386 924 2438 novi,
969 2387 1046 2429 sed
1078 2386 1210 2429 etiam
1243 2403 1284 2443 p.
1309 2389 1349 2429 II
1382 2403 1423 2431 v.
1448 2391 1518 2430 35.
1550 2391 1618 2431 36.
1651 2392 1717 2431 71.
1751 2392 1818 2432 72.

246 2502 272 2546 ¹)
299 2502 514 2536 Rectissime
552 2502 735 2538 Vahlenus
775 2504 822 2548 (p.
841 2504 925 2549 803)
959 2515 1080 2539 eorum
1119 2509 1321 2540 commenta
1358 2506 1545 2550 redarguit
1583 2508 1643 2549 qui
1681 2509 1819 2551 opinati

127 2563 212 2594 sunt
248 2560 330 2594 inde
362 2572 384 2595 a
415 2572 448 2595 v.
464 2561 508 2595 32
543 2572 733 2604 puerorum
772 2566 919 2597 cantum
954 2564 1099 2597 initium
1136 2574 1278 2608 capere;
1318 2566 1518 2599 rectissime
1554 2566 1599 2609 (p.
1619 2567 1819 2612 803—805)

127 2619 261 2653 statuit
295 2619 377 2654 inde
413 2620 457 2654 ab
494 2620 555 2653 illo
582 2631 687 2655 versu
714 2621 887 2664 explicari
913 2632 981 2663 quo
1008 2623 1084 2656 iure
1109 2622 1237 2665 Apollo
1264 2625 1430 2669 εὔυμνος
1456 2624 1573 2658 dictus
1606 2627 1664 2668 sit,
1698 2637 1819 2667 quam-

127 2687 234 2719 quam
269 2680 387 2712 minus
422 2683 519 2713 recte
553 2679 595 2713 de
631 2679 712 2714 sede
748 2684 784 2714 et
818 2682 990 2715 instituto
1016 2691 1184 2715 versuum
1210 2682 1347 2716 28—31
1375 2684 1498 2717 sentit.
1548 2683 1647 2718 Idem
1682 2695 1818 2719 summo

126 2736 203 2769 iure
237 2737 274 2770 in
310 2747 368 2771 eos
404 2738 568 2773 invectus
601 2743 667 2781 est,
704 2740 765 2781 qui
790 2740 872 2773 inde
898 2740 991 2781 quod
1017 2740 1144 2782 Apollo
1171 2741 1268 2775 Iovis
1294 2753 1316 2775 a
1342 2742 1470 2775 dextra
1496 2742 1645 2785 sederet,
1679 2743 1818 2777 conclu-

126 2797 250 2829 serant
293 2796 444 2830 eundem
483 2797 687 2840 Apollinem
730 2798 895 2842 intellegi
933 2809 976 2832 ac
1006 2798 1253 2833 Ptolemaeum
1286 2801 1491 2844 Euergeten
1529 2812 1551 2835 a
1584 2801 1818 2845 Philadelpho

127 2856 231 2894 patre
265 2855 368 2898 regni
403 2857 578 2890 societate
615 2857 798 2891 donatum.
873 2858 923 2891 At
965 2857 1225 2892 Callimachum
1278 2859 1601 2903 „pai-allelismum‘*
1642 2860 1818 2902 quendam

128 2912 302 2946 statuisse
337 2913 479 2948 credere
514 2925 659 2949 necesse
692 2919 758 2959 est,
794 2926 1012 2958 quamquam
1046 2926 1165 2960 regem
1199 2928 1278 2951 cum
1305 2918 1367 2952 deo
1395 2918 1439 2952 ab
1466 2928 1505 2952 eo
1532 2919 1717 2953 confusum
1743 2930 1819 2953 esse

129 2971 270 3004 omnino
296 2982 480 3015 negamus.

245 3028 272 3072 2)
301 3029 351 3064 Cf.
371 3031 457 3065 Rev.
477 3031 583 3066 Arch.
603 3032 692 3066 XIII
714 3033 814 3075 1889,
843 3034 907 3076 71;
946 3033 1206 3078 Wilamowitz,
1241 3035 1498 3070 Nordionische
1524 3036 1646 3070 Steine
1672 3037 1716 3070 42
1742 3047 1816 3079 sqq.

203 3097 365 3130 Pasquali‚
385 3099 594 3131 Quaestiones
614 3101 856 3130 Callimaeheae.
1583 3096 1604 3128 ‘2
