2180 3482
379 225 436 263 94
1013 220 1067 253 De
1093 219 1225 254 fabulis
1252 220 1438 262 cyrenaeis

380 328 526 370 curius
572 330 615 368 et
654 327 802 368 Horae
848 325 1088 368 educarent
1136 328 1179 367 et
1217 325 1509 367 immortalem
1556 325 1805 367 redderent.
1871 324 2074 366 Chironis

380 396 637 441 vaticinium
670 410 774 438 mox
807 395 1037 451 impletum
1072 409 1180 437 esse.

500 467 608 509 inde
643 467 760 522 quod
795 466 961 508 Chiron
993 465 1243 521 Apollinem
1276 466 1457 517 risisset,
1492 465 1579 521 qui,
1615 480 1712 507 cum
1746 465 1893 507 onmia
1925 465 2072 517 sciret,

379 537 619 580 semideum
670 540 820 579 tamen
871 550 985 592 quae
1026 536 1177 578 futura
1215 540 1364 578 essent
1408 536 1747 591 interrogasset,
1799 539 1920 578 rec-te
1970 550 2072 577 con-

379 608 567 650 cluserat
594 607 867 649 Studniczka
891 612 948 662 (p.
966 609 1039 658 41)
1065 607 1305 648 Pindarum
1332 607 1544 649 adversus
1578 610 1747 648 certum
1780 609 1958 661 poetam
1993 621 2072 661 pu-

377 692 528 733 gnare,
564 691 709 733 quem,
745 692 832 732 qua
853 676 997 719 fuerat
1022 677 1303 732 simplicitate
1328 676 1493 718 rustica
1517 680 1651 732 atque
1674 676 1851 731 agresti,
1884 676 2073 731 fugisset

377 748 625 804 Apollinem
654 748 785 790 deum
809 751 958 790 vatem
983 747 1129 803 ipsum
1156 746 1364 789 vaticinio
1398 761 1489 789 non
1522 746 1741 801 indigere:
1776 760 1923 802 neque
1957 746 2074 788 enim

379 818 477 861 fieri
505 818 714 874 potuisse,
749 821 797 859 ut
821 818 1038 860 Pindarus
1071 817 1166 873 ipse
1198 817 1303 859 talia
1334 817 1540 872 fingeret,
1575 831 1689 873 quae
1723 817 1804 859 sibi
1837 817 1983 859 statim
2007 831 2074 859 re-

378 890 595 944 darguere
637 904 748 944 opus
792 892 920 931 esset.
994 888 1170 931 Addere
1212 888 1357 944 potuit
1396 888 1544 931 verbis
1591 888 1673 930 illis
1713 887 1916 930 Chironis
1958 887 2074 929 calli-

378 959 566 1002 dissimis
606 962 663 1013 (v.
690 962 738 1000 51
758 962 871 1015 sqq.)
912 963 1049 1017 ταύτᾳ
1091 963 1223 1012 πόσις
1267 963 1358 1002 ἵκεο
1399 962 1575 1015 βάσσαν
1616 960 1750 1001 τάνδε
1789 962 1864 1002 καὶ
1900 960 2075 1012 μέλλεις

377 1033 492 1087 ὑπὲρ
524 1034 693 1074 πόντου
716 1030 815 1083 Διὸς
843 1031 1000 1085 ἔξοχον
1026 1034 1129 1073 ποτὶ
1152 1035 1302 1072 κᾶπον
1325 1031 1493 1072 ἐνεῖκαι
1519 1028 1912 1085 reprehensionem
1935 1043 2073 1085 quan-

378 1102 477 1143 dam
512 1100 727 1157 Apollinis
761 1101 1029 1142 adumbrari:
1066 1100 1205 1143 voluit
1229 1100 1346 1143 enim
1371 1100 1641 1143 Centaurus:
1680 1102 1855 1151 „tecum
1879 1113 1931 1142 ea
1957 1114 2074 1141 com-

377 1171 627 1221 municabo,
668 1185 782 1226 quae
815 1175 966 1214 tamen
998 1171 1093 1226 ipse
1125 1171 1303 1227 penitus
1336 1171 1475 1222 noris3
1524 1170 1721 1222 maritus,
1763 1184 1814 1212 eo
1848 1169 1993 1212 animo
2026 1173 2074 1211 ut

379 1242 599 1297 Cyrenen]
645 1256 831 1284 uxorem
873 1243 1030 1293 ducas,
1092 1243 1179 1283 huc
1222 1241 1402 1293 venisti,
1467 1242 1573 1283 illud
1623 1241 1726 1283 licet
1777 1240 2073 1291 dissimules“;

378 1327 479 1355 eum
512 1312 678 1354 scilicet
712 1312 933 1354 mendacii
965 1316 1084 1355 tecte
1116 1312 1352 1354 insimulat.
1416 1313 1589 1354 Nomen
1623 1311 1827 1354 carminis
1862 1325 1948 1367 quo
1973 1310 2074 1353 Chi-

377 1383 496 1425 ronis
542 1397 642 1425 cum
683 1382 890 1438 Apolline
931 1383 1212 1439 colloquium,
1258 1383 1434 1438 Cyrene
1483 1386 1631 1438 rapta,
1674 1382 1902 1424 Aristaeus
1943 1384 2075 1423 natus

379 1453 742 1504 continebantur,
787 1453 1024 1496 scholiasta
1067 1453 1245 1496 Pindari
1287 1454 1342 1496 ad
1384 1469 1424 1496 v.
1459 1456 1484 1494 6
1527 1452 1850 1508 suppeditavit,
1893 1451 2075 1494 Hesiodi

376 1525 564 1576 Eoeam;
598 1524 715 1566 idern
749 1524 912 1580 primos
944 1524 1071 1567 nobis
1104 1539 1260 1567 versus
1293 1524 1506 1567 servavit:
1543 1527 1569 1578 ἢ·
1603 1528 1673 1580 οἵη
1708 1525 1827 1580 Φθίῃ
1859 1525 2075 1580 Χαρίτων

378 1597 469 1638 ἄπο
501 1596 666 1647 κάλλος
699 1596 860 1649 ἔχουσα
893 1597 1097 1651 Πηνειοῦ
1128 1595 1234 1652 παρ’
1269 1596 1390 1651 ὕδωρ
1424 1596 1539 1650 καλὴ
1572 1598 1751 1637 ναίεσκε
1782 1595 1989 1650 Κυρήνη.

498 1665 798 1708 Studniczkae
839 1665 1033 1708 rationes
1076 1669 1119 1708 et
1160 1665 1356 1708 firmarit
1396 1668 1439 1708 et
1482 1664 1794 1708 exaedificavit
1836 1664 2074 1707 Maltenius

379 1739 436 1792 (p.
472 1739 621 1792 lsqq.)
662 1736 938 1792 aliquantum
976 1739 1127 1779 tamen
1165 1736 1281 1778 ultra
1321 1735 1436 1778 fines
1476 1749 1751 1791 progressus.
1816 1734 2074 1790 Apollonius

378 1807 494 1849 enim
534 1807 744 1849 continuo
784 1810 885 1863 post
920 1806 1125 1862 Cyrenae
1163 1806 1343 1863 nuptias
1381 1806 1570 1849 Aristaei
1608 1806 1745 1849 vitam
1779 1807 1837 1859 (II
1861 1808 1945 1848 506
1959 1808 2073 1862 sqq.)

379 1880 568 1929 enarrat,
596 1878 744 1920 Musas
779 1892 878 1920 eum
913 1878 1119 1921 eduxisse
1151 1892 1293 1934 usque
1327 1878 1381 1920 ad
1404 1877 1583 1933 nuptias
1617 1877 1773 1932 suique
1799 1876 1947 1932 gregis
1975 1891 2074 1932 pas-

377 1952 518 1991 torem
545 1947 723 1997 fecisse;
775 1962 875 1990 eum
909 1952 1066 2004 postea
1100 1949 1154 1990 ab
1187 1948 1431 1990 insularum
1464 1947 1619 1990 incolis
1653 1947 1913 1990 arcessitum
1946 1947 2075 1989 sociis

378 2033 433 2061 ex
456 2018 646 2060 Arcadia
679 2019 964 2074 congregatis
993 2019 1132 2062 Ceuni
1156 2018 1383 2074 migrasse,
1417 2018 1476 2060 ihi
1505 2018 1604 2061 Sirii
1636 2018 1745 2060 iram
1779 2019 1977 2074 placasse
2000 2032 2075 2060 ara

376 2089 472 2133 Iovi
494 2090 682 2144 Ἰκμαίῳ
717 2089 959 2131 constituta
993 2093 1035 2132 et
1068 2103 1116 2132 re
1149 2089 1299 2132 divina
1331 2089 1547 2131 ainbobus
1580 2089 1662 2130 illis
1696 2089 1776 2130 diis
1809 2088 1944 2131 facta:
1979 2092 2074 2130 tum

379 2159 496 2202 enim
538 2159 685 2201 statim
726 2159 886 2201 etesias
924 2159 1033 2202 flare
1073 2159 1273 2215 coepisse
1313 2163 1356 2202 et
1396 2159 1692 2215 quadraginta
1730 2159 1823 2201 dies
1863 2158 2072 2214 spirasse;

377 2244 520 2285 usque
552 2244 658 2273 vero
693 2230 747 2271 ab
780 2230 851 2272 illa
885 2234 1031 2272 aetate
1066 2230 1180 2273 Ceos
1212 2230 1472 2285 religionem
1507 2229 1639 2272 Canis
1679 2230 1880 2272 coluisse.
1946 2230 2074 2282 Quod

378 2300 638 2355 Apollonius
660 2301 780 2342 hunc
803 2314 1036 2342 excursum
1063 2302 1117 2343 de
1141 2300 1288 2343 etesiis
1323 2300 1447 2351 (nihil
1471 2301 1586 2343 enim
1611 2301 1665 2342 ad
1687 2300 1902 2356 reliquam
1925 2315 2074 2342 narra-

379 2370 544 2413 tionem
571 2370 693 2424 facit)
718 2371 779 2412 ita
802 2370 1041 2413 introducit
1067 2371 1123 2419 (H
1148 2374 1248 2425 500)
1276 2373 1463 2427 Κυρήνη
1486 2373 1722 2427 πέφαταί
1744 2388 1806 2424 τις
1830 2373 1928 2424 ἕλος
1950 2373 2074 2427 πάρα

379 2443 597 2497 Πηνειοῖο
614 2444 734 2496 μῆλα
758 2444 911 2495 νέμειν
934 2444 1243 2498 προτέροισι
1265 2441 1383 2498 παρ’
1404 2443 1644 2497 ἀνὸριίσι,
1669 2441 1729 2483 ita
1753 2441 1977 2484 concludit
2000 2445 2073 2484 καὶ

378 2515 430 2554 τὰ
453 2515 536 2566 μὲν
562 2516 620 2564 ὡς
644 2514 864 2563 ὑδέονται,
888 2512 990 2555 inde
1009 2513 1245 2555 Maltenius
1265 2515 1322 2568 (p.
1339 2513 1386 2554 11
1406 2515 1489 2568 sq.)
1514 2512 1663 2555 effecit
1686 2516 1825 2554 totam
1847 2512 2074 2554 historiam

379 2582 498 2624 illinc
520 2597 725 2625 manasse
748 2583 866 2625 unde
889 2583 1081 2638 priorem
1105 2586 1289 2638 partein,
1315 2582 1521 2637 Cyrenae
1543 2585 1697 2638 raptus
1716 2582 2072 2638 descriptionem,

379 2667 434 2695 ex
467 2654 600 2696 Eoea.
648 2653 771 2704 Quae
805 2653 945 2708 primo
980 2654 1194 2709 adspectu
1226 2656 1349 2695 recte
1383 2653 1591 2695 conclusa
1625 2667 1721 2695 esse
1755 2653 1975 2703 videntur,
2010 2655 2073 2694 at-

380 2737 465 2779 que
512 2723 643 2766 etiam
684 2723 915 2779 Cydippae
949 2723 1273 2766 Callimacheae
1311 2723 1563 2778 fragmento
1605 2723 1914 2777 oxyrhynchio
1955 2737 2072 2764 com-

381 2797 534 2848 parato
568 2794 716 2850 potius
751 2794 1033 2836 stabiliuntur
1067 2809 1199 2850 quam
1232 2793 1577 2836 labefactantur:
1620 2792 1915 2835 Callimachus
1955 2793 2072 2835 enim

381 2866 424 2905 et
446 2864 696 2906 Aristaeum
732 2868 773 2906 et
807 2864 901 2906 illos
935 2863 1299 2907 connnemoravit
1322 2866 1380 2916 (v.
1406 2866 1461 2904 33
1475 2865 1588 2918 sqq),
1624 2863 1698 2918 qui
1722 2877 1745 2905 e
1769 2863 2072 2906 sacerdotibus

381 2938 481 2975 sunt
523 2935 709 2987 Ἰκμίου,
762 2938 846 2977 οἷσι
877 2936 1077 2989 μέμηλεν
1111 2935 1180 2977 ἐπ’
1218 2939 1372 2989 οὔρεος
1413 2936 1695 2989 ἀμβώνεσσιν
1734 2938 1954 2989 πρηΰνειν
1994 2950 2071 2988 χα-

380 3006 524 3059 λεπὴν
540 3005 729 3060 Μαῖραν
746 3007 1069 3061 ιὶνερχομὲνην,
1087 3006 1311 3047 αἰτεῖσθαι
1330 3006 1378 3046 τὸ
1397 3004 1432 3046 δ’
1453 3007 1575 3059 (ἴημα
1594 3008 1734 3060 παραὶ
1754 3004 1854 3056 Διὸς
1874 3006 1908 3059 ᾧ
1926 3020 1972 3046 τε
1990 3005 2073 3047 θα-
