2180 3482
818 227 872 260 De
898 237 955 260 vv.
974 226 1113 260 47—55
1755 227 1810 266 23

125 334 367 385 ordiuntur,
400 336 449 375 ut
480 334 520 375 h.
547 333 636 374 XX
659 333 880 389 κικλήσκω
903 333 1046 386 μέγαν
1069 365 1077 372 .
1103 366 1110 372 .
1136 365 1143 372 .
1168 331 1265 383 Δία;
1300 331 1451 373 XXIV
1486 333 1661 387 Νηρέος
1693 334 1809 373 εἰνα-

124 407 221 448 λίου
254 408 426 460 ’νύμφαι
460 437 467 445 .
494 437 502 445 .
528 437 551 455 .,
585 407 700 456 ὑμᾶς
731 404 973 458 κικλήσκω;
1014 402 1145 443 XXV
1179 403 1371 457 Πρωτέα
1404 403 1639 457 κικλήσκω,
1673 401 1809 442 multo

125 475 312 531 saepius.
375 474 523 529 Atque
562 474 615 515 ab
654 474 737 515 hac
777 472 1098 515 consuetudine
1144 476 1276 525 ὕμνοι
1317 473 1514 527 κλητικοί
1529 472 1555 525 ¹)
1599 470 1809 527 appellati

125 549 226 588 sunt
260 545 317 586 illi
347 559 531 600 quorum
558 544 700 586 forma
723 543 1016 586 Callimachus
1050 544 1256 584 sectatur.
1310 542 1367 583 At
1400 541 1559 584 dixerit
1593 541 1811 597 quispiam

127 631 177 659 eo
212 619 411 671 tempore
444 629 529 670 quo
553 614 708 670 Apollo
742 616 913 668 Νόμιος
946 611 1030 654 dici
1063 615 1247 668 coeptus
1281 611 1349 663 sit,
1384 611 1583 667 Cyrenas
1617 613 1812 653 nondum

125 686 273 729 fuisse.
335 685 393 727 At
426 684 721 728 Callimachus
760 684 804 726 in
837 684 1095 727 universum
1127 683 1181 725 de
1214 682 1417 724 omnihus
1449 682 1701 724 hominihus
1740 697 1811 724 co-

124 757 236 812 gitat
268 756 342 812 qui
373 755 622 811 Apollinem
654 758 831 809 Νόμιον
864 753 1205 810 appellaverint3
1247 767 1321 795 eos
1353 755 1503 795 tamen
1538 752 1810 808 potissimum

124 827 372 870 intellectos
395 827 502 878 vult,
528 826 601 882 qui
625 826 695 868 illo
719 826 789 868 die
815 825 858 867 in
886 825 1050 880 templo
1077 838 1297 880 cyrenaeo
1323 838 1415 866 rem
1441 838 1610 865 sacram
1633 823 1810 865 faciant.

243 898 302 941 Ut
340 912 454 953 quae
496 897 699 940 effecisse
742 896 867 939 nohis
910 896 1123 947 videmur,
1172 894 1323 950 paucis
1366 895 1811 950 comprehendamus,

125 968 160 1011 is
209 968 283 1025 qui
329 968 498 1020 recitat,
548 982 648 1010 cum
696 967 781 1009 iam
824 981 948 1009 sacro
992 966 1183 1022 quodam
1224 965 1371 1008 furore
1415 967 1568 1020 raptus
1607 978 1814 1007 enarrare

126 1039 320 1095 coeperit
343 1041 554 1095 quantam
577 1040 938 1093 argumentorum
967 1037 1054 1080 vim
1079 1037 1210 1078 choro
1243 1035 1400 1091 Apollo
1434 1035 1658 1091 praebeat,
1693 1049 1812 1076 cum-

129 1124 215 1166 que
251 1109 363 1151 illius
397 1108 467 1151 dei
499 1123 573 1151 eas
606 1108 792 1152 virtutes
826 1122 936 1164 quas
969 1121 1121 1149 omnes
1155 1106 1313 1149 Graeci
1345 1108 1600 1161 agnossent,
1645 1105 1813 1148 extule-

125 1180 194 1232 rit,
236 1179 323 1222 iam
364 1180 419 1221 ad
456 1179 690 1221 facultates
729 1178 927 1221 deflectit
967 1192 1082 1234 quae
1114 1176 1330 1233 Apollinis
1372 1176 1579 1231 cyrenaei
1612 1175 1815 1231 propriae

125 1250 230 1292 sint:
273 1250 438 1302 „Nemo
472 1249 639 1291 artibus
671 1252 761 1291 tam
794 1249 882 1291 late
915 1251 1038 1304 patet
1070 1262 1202 1304 quam
1234 1247 1410 1303 Apollo,
1445 1246 1693 1303 Apollinem
1727 1246 1813 1301 Cy-

125 1320 274 1364 renaei
317 1334 372 1363 ex
410 1320 481 1362 illo
525 1323 726 1376 tempore
759 1319 964 1362 Nomium
1002 1333 1227 1371 vocamus,
1271 1333 1370 1360 cum
1411 1318 1599 1360 Admeto
1642 1331 1814 1360 armen-

124 1391 261 1434 tarius
293 1390 487 1434 servivit.
553 1390 721 1442 Quibus
755 1390 965 1433 armentis
999 1392 1301 1432 armentorum
1334 1390 1441 1431 deus
1480 1388 1643 1440 faveat,
1686 1388 1815 1431 facile

124 1461 196 1504 illa
226 1461 429 1514 floreant,
463 1461 506 1503 id
539 1462 657 1518 quod
689 1461 816 1503 nobis
849 1464 1121 1517 p1·ecamur.“

242 1532 419 1575 Admeti
451 1546 600 1574 amore
633 1534 901 1574 commotum
933 1531 1183 1587 Apollinem
1222 1530 1473 1573 armentarii
1517 1529 1664 1572 officio
1698 1531 1816 1585 apud

128 1618 228 1647 eum
268 1603 472 1645 functum
520 1617 616 1646 esse
666 1617 809 1655 nemo,
863 1604 1079 1659 quantum
1127 1601 1301 1653 scimus,
1348 1604 1451 1643 ante
1499 1601 1837 1644 Callimachum·

126 1674 332 1717 narravit.
381 1673 527 1716 Antea
569 1673 685 1716 enim
717 1673 873 1729 Apollo
907 1673 1167 1729 plerumque
1204 1672 1467 1714 narrabatur
1498 1671 1569 1713 illa
1601 1671 1816 1714 servitute

127 1745 196 1789 vel
229 1747 349 1787 certe
382 1758 515 1800 opera
548 1743 855 1787 mercennaria
886 1743 980 1787 Iovi
1008 1742 1255 1799 Cyclopum
1282 1742 1617 1803 interfectorum
1650 1756 1816 1797 poenas

128 1815 394 1872 pependisse
407 1814 451 1869 2).
499 1815 587 1858 Sed
621 1814 915 1857 Callimachus
949 1815 1003 1857 de
1036 1814 1107 1856 illo
1141 1827 1304 1865 amore,
1339 1812 1465 1869 quasi
1497 1813 1551 1855 de
1583 1812 1733 1854 fabula
1764 1812 1816 1853 iis

128 1889 234 1929 nota
275 1885 351 1942 qui
381 1887 546 1941 legant,
591 1885 716 1942 quasi
754 1885 799 1927 in
837 1888 1095 1927 transcursu
1132 1884 1338 1940 loquitur.
1403 1883 1548 1925 Etiam
1581 1898 1670 1925 non
1703 1882 1816 1926 veri-

128 1957 267 2000 simile
308 1959 374 2000 est
415 1971 581 2008 omnes,
633 1956 708 2012 qui
747 1958 903 2012 postea
944 1956 1182 1998 Admetum
1225 1954 1437 2011 Apollinis
1481 1968 1652 1997 amores
1695 1953 1816 1997 dixe-

127 2031 242 2080 runt,
277 2028 331 2070 ab
364 2028 448 2070 hoc
472 2026 726 2071 Callimachi
750 2028 846 2070 loco
871 2027 1080 2083 pendere,
1115 2041 1215 2068 cum
1239 2025 1498 2082 praesertim
1523 2025 1818 2068 Callimachus

125 2098 375 2154 Apollinem
406 2098 583 2141 Admeti
616 2112 753 2154 equos
787 2098 964 2154 pavisse
997 2100 1160 2149 narret,
1194 2096 1465 2153 reliquorum
1496 2096 1642 2138 nullus
1677 2109 1814 2152 equos

127 2172 454 2221 commemoret,
497 2184 587 2212 non
629 2169 757 2225 pauci
799 2170 952 2221 boves,
994 2172 1043 2210 ut
1075 2168 1273 2210 Tibullus
1304 2168 1411 2220 113,
1440 2170 1485 2209 11
1530 2167 1623 2221 (ubi
1654 2181 1818 2209 nomen

128 2240 163 2282 si
203 2255 296 2283 non
336 2240 546 2282 traditum
580 2243 660 2292 est,
709 2242 753 2282 at
793 2242 914 2282 certa
945 2239 1203 2282 coniectura
1233 2238 1518 2293 restitutum),
1564 2237 1818 2292 Lygdamus

126 2311 187 2353 III
209 2313 249 2363 4,
274 2313 343 2363 67,
384 2310 567 2354 Ovidius
593 2311 684 2354 her.
709 2311 748 2354 V
778 2313 870 2363 151,
905 2313 984 2352 art.
1009 2325 1092 2352 am.
1116 2310 1156 2352 II
1180 2312 1276 2352 239.
1333 2310 1384 2351 In
1417 2308 1581 2351 scholio
1615 2309 1670 2350 ad
1691 2307 1817 2350 Euri-

127 2381 239 2438 pidis
277 2381 439 2424 Alcest.
464 2397 504 2425 v.
539 2384 554 2423 1
600 2381 787 2437 legimus
831 2381 1052 2424 Rhianum
1094 2394 1297 2423 narrasse
1338 2379 1588 2436 Apollinem
1629 2379 1817 2421 Admeto

127 2453 351 2496 volentem
375 2452 622 2504 servivisse,
658 2467 758 2495 cum
790 2452 911 2494 illum
944 2454 1122 2494 amaret.
1170 2451 1258 2494 Sed
1282 2451 1480 2493 Rhianus
1513 2465 1612 2492 cum
1636 2465 1662 2492 a
1684 2449 1820 2492 Suida

127 2522 434 2581 Eratosthenis
480 2523 675 2579 aequalis
718 2523 901 2575 dicatur,
944 2536 1034 2564 non
1079 2524 1146 2564 est
1189 2536 1267 2564 cur
1299 2521 1388 2564 fide
1421 2521 1533 2563 illius
1566 2520 1818 2563 testimonio

129 2594 328 2636 detracta
378 2593 609 2649 opinemur
648 2593 965 2636 Callimachum
1010 2594 1095 2635 hoc
1136 2593 1232 2635 loco
1276 2607 1372 2634 eum
1414 2591 1635 2647 respicere
1674 2590 1820 2647 potius

130 2679 262 2720 quam
296 2666 542 2706 statuamus
581 2664 667 2706 iam
712 2667 816 2707 ante
850 2663 1070 2706 Rhianum
1102 2662 1319 2719 Apollinis
1361 2677 1554 2705 amorem
1596 2676 1701 2717 erga
1732 2661 1819 2702 Ad-

128 2737 296 2777 metum
329 2749 354 2776 a
386 2738 519 2791 poeta
561 2736 752 2791 quodam
791 2734 946 2777 fictum
987 2747 1083 2776 esse
1098 2734 1140 2787 ²³).
1204 2733 1352 2789 Atque
1391 2734 1504 2775 duae
1546 2735 1666 2774 certe
1708 2731 1820 2772 illius

128 2804 305 2848 fabulae
336 2805 505 2849 formae
536 2805 639 2848 inde
672 2806 726 2848 ab
759 2804 1033 2848 hellenistica
1065 2806 1211 2846 aetate
1242 2803 1435 2846 fuerunt.
1480 2803 1592 2846 Cum
1626 2802 1743 2844 enim
1776 2804 1820 2844 et

164 2886 371 2956 ffljffCfr.
392 2912 590 2946 Menander
615 2912 736 2946 rhetor
761 2911 913 2953 111334,
940 2911 984 2944 25
1003 2920 1076 2952 sqq.
1105 2908 1162 2952 Sp.

247 2971 274 3015 2)
300 2971 525 3005 Testimonia
550 2981 664 3015 paene
690 2972 878 3004 innumera
905 2969 1056 3003 collecta
1082 2972 1167 3003 sunt
1193 2980 1214 3003 a
1241 2969 1449 3003 Wernickio
1476 2969 1564 3002 PW.
1584 2968 1601 3002 Ι
1619 2968 1697 3002 878.

248 3030 274 3073 ³)
302 3030 401 3072 Quod
427 3040 551 3064 moneo
578 3030 750 3064 adversus
777 3029 1099 3063 Wilamowitzium
1126 3028 1411 3071 (He1·ak1,2168‚
1440 3027 1508 3061 adn
1542 3028 1631 3070 125).
