2180 3482
357 225 412 265 42
995 223 1048 257 De
1073 222 1203 266 hymno
1229 223 1407 266 Apollinis

359 343 541 372 corvum
575 332 728 371 contra
760 328 803 370 in
836 328 986 371 fabula
1019 344 1151 385 quam
1175 329 1470 373 Callimachus
1501 329 1695 386 respicit,
1729 330 1877 371 album
1909 329 2045 373 fuisse

358 400 707 442 demonstratum
741 413 837 442 esse
870 414 998 456 spero
1015 401 1055 451 1).

478 469 771 512 Callimachus
803 484 945 527 usque
981 471 1125 514 adhuc
1158 486 1257 513 cum
1290 470 1462 527 piorum
1494 471 1625 514 turba
1657 471 1900 514 collocutus
1927 485 2047 513 nunc

358 540 413 582 ad
453 539 598 596 ipsum
640 541 771 583 deum
810 555 857 584 se
897 542 1129 585 convertit.
1196 541 1425 585 Professus
1465 545 1559 585 erat
1590 542 1840 598 Apollinem
1872 541 2047 584 urbium

358 610 688 653 condendarum
737 615 875 654 artem
919 627 994 654 ara
1035 612 1147 655 delia
1192 616 1419 656 exstructa
1464 612 1589 669 quasi
1627 612 1865 664 invenisse,
1913 626 2047 654 unam

357 685 507 725 tamen
530 682 674 738 ipsum
700 682 855 725 urbem
889 683 928 726 ei
961 683 1034 739 qui
1062 683 1180 725 illam
1203 683 1461 726 conditurus
1485 686 1579 726 erat
1601 686 1884 735 monstrasse,
1909 682 2046 738 Cyre-

357 767 450 795 nas
496 753 624 796 Nunc
646 753 811 809 pergit:
840 755 942 806 „Te,
966 754 1136 810 Apollo,
1161 753 1339 796 omnino
1363 753 1512 796 multis
1534 753 1785 796 nominibus
1808 753 2047 810 appellant,

360 838 441 879 ego
468 837 571 867 vero
595 824 776 867 nomine
798 825 916 881 quod
938 824 1044 866 mihi
1067 824 1258 880 patrium
1281 827 1362 877 est,
1389 824 1578 868 Carneo.
1613 825 1675 868 Te
1699 824 1829 876 enim,
1864 824 2048 876 Carnee,

358 894 394 937 is
428 894 502 952 qui
535 895 688 938 urbem
722 895 930 948 condidit,
964 896 1135 948 Battus,
1169 895 1230 938 ita
1255 896 1401 938 Thera
1424 895 1623 951 Cyrenas
1655 894 1864 951 portavit,
1898 898 1947 937 ut
1978 895 2049 938 ille

362 965 436 1022 qui
468 966 657 1009 Theram
691 966 899 1017 condidit,
941 967 1277 1009 Lacedaemone
1310 980 1333 1009 e
1365 967 1531 1023 templo
1570 969 1646 1009 tuo
1685 965 1826 1023 primo
1860 966 2048 1009 Theram

358 1040 569 1093 portarat,
587 1036 757 1094 tibique
775 1041 818 1081 et
835 1038 1050 1094 templum
1068 1040 1111 1080 et
1129 1052 1279 1080 annua
1296 1052 1421 1080 sacra
1436 1037 1508 1080 hic
1527 1037 1795 1080 constituit.“
1817 1037 2050 1093 Templum

359 1108 453 1151 vult
500 1107 546 1150 in
594 1122 680 1164 quo
720 1108 927 1165 loquitur,
983 1123 1155 1151 sacrum
1195 1109 1314 1165 quod
1344 1112 1440 1151 tum
1472 1108 1535 1150 fit.
1600 1108 1686 1152 Ubi
1719 1107 1909 1165 primum
1940 1108 2051 1150 haec

360 1178 677 1235 pronuntiavit,
724 1180 1031 1222 adulescentes
1070 1182 1114 1236 ἰὴ
1155 1182 1198 1236 ἰὴ
1231 1180 1431 1236 Καρνεῖε
1469 1179 1731 1223 invocantes
1770 1178 1910 1231 audit,
1956 1177 2052 1234 ipse

360 1264 460 1292 cum
493 1250 852 1293 adulescentibus
885 1251 1017 1293 deum
1055 1250 1247 1303 invocat,
1291 1265 1464 1293 sacrum
1497 1250 1720 1302 describit,
1762 1249 1875 1292 illius
1908 1253 2051 1293 αἴτιον

358 1323 520 1362 narrat.
577 1320 853 1378 Simulatque
884 1321 1006 1363 illum
1040 1336 1130 1364 non
1152 1321 1237 1364 iam
1262 1322 1316 1364 de
1337 1321 1542 1377 Apolline
1574 1335 1675 1364 cum
1707 1321 1838 1364 turba
1868 1321 2051 1377 loquen-

360 1394 450 1433 tem
478 1392 554 1434 sed
588 1391 730 1448 ipsum
765 1393 895 1435 deum
922 1393 1262 1448 compellantem
1289 1392 1551 1445 audivimus,
1586 1393 1641 1435 ad
1674 1391 1879 1435 carminis
1911 1391 2051 1434 umbi-

360 1461 491 1504 licum
525 1476 606 1504 nos
639 1462 897 1518 pervenisse
932 1463 1157 1506 sentimus.

480 1532 533 1577 69
562 1545 663 1588 sqq.
716 1533 846 1576 Initio
879 1534 1126 1589 haeremus7
1161 1549 1246 1590 quo
1287 1534 1381 1577 iure
1415 1534 1710 1577 Callimachus
1743 1534 1859 1576 dicat
1891 1533 2053 1575 multos

361 1604 482 1646 illum
515 1605 646 1647 deum
680 1607 964 1662 Βοηὸρόμιον
1005 1619 1176 1657 vocare,
1225 1605 1386 1648 multos
1419 1607 1641 1661 Κλάριον;
1687 1608 1894 1648 neutrum
1936 1603 2053 1647 enim

362 1676 518 1718 horum
554 1675 867 1731 cognominum
901 1677 1212 1732 pervulgatum
1245 1676 1380 1719 fuisse
1414 1691 1469 1719 ex
1502 1676 1608 1732 ipsis
1641 1675 1941 1719 mentionibus
1979 1676 2053 1718 de-

362 1746 596 1789 monstrari
639 1750 798 1803 potest.
863 1748 1181 1804 Praeterquam
1225 1747 1342 1791 enim
1384 1748 1503 1804 quod
1544 1747 1795 1790 Boedromii
1837 1745 2052 1802 Apollinis

361 1817 497 1860 fuisse
538 1818 794 1873 religionem
834 1818 1013 1861 atticam
1056 1833 1079 1861 e
1120 1818 1240 1861 feriis
1272 1820 1571 1875 Βοηὸρομίοις
1612 1819 1704 1862 sive
1749 1818 1831 1874 ipsi
1875 1817 2052 1860 conclu-

362 1888 505 1931 dimus
549 1888 642 1932 sive
685 1890 739 1931 ab
778 1889 971 1946 antiquis
1009 1889 1308 1945 grammaticis
1347 1890 1604 1932 conclusum
1618 1889 1645 1941 2)
1684 1888 1885 1945 legimus,
1932 1888 2054 1930 illum

363 1959 493 2002 deum
527 1960 689 2003 Thebis
721 1961 1006 2004 observatum
1041 1975 1137 2004 esse
1170 1961 1411 2003 Pausanias
1443 1963 1634 2003 testatur
1666 1961 1733 2003 IX
1768 1963 1832 2012 17,
1863 1962 1900 2002 2.
1967 1959 2055 2002 Sed

482 2150 507 2194 1)
536 2151 670 2185 Corvus
704 2152 741 2184 in
774 2151 922 2186 Hesiodi
954 2152 1061 2186 Eoeis
1092 2151 1312 2186 narrabatur
1349 2151 1402 2196 (ir.
1425 2151 1490 2185 148
1511 2151 1589 2195 Rz.)
1623 2150 1827 2194 Apollinem
1864 2151 2054 2185 certiorem

362 2208 489 2243 fecisse
517 2209 695 2244 Coronida
720 2210 877 2254 puellam
903 2211 947 2245 ab
975 2222 1013 2245 eo
1041 2215 1202 2245 amatam
1227 2211 1295 2244 fide
1321 2214 1430 2254 rupta
1455 2210 1574 2254 Ischyi
1600 2212 1774 2253 nupsisse.

482 2268 508 2312 2)
535 2269 734 2312 Propterea
770 2273 874 2304 caute
909 2269 1043 2314 loquor,
1080 2270 1172 2312 quod
1198 2269 1285 2303 mihi
1311 2279 1521 2312 persuasum
1554 2272 1609 2304 est
1644 2268 1781 2303 nullum
1816 2269 1984 2311 primitus
2019 2268 2056 2301 in

363 2326 436 2361 illis
461 2327 560 2361 feriis
586 2328 745 2371 Apollini
772 2328 889 2363 locum
914 2328 1034 2363 fuisse.
1085 2329 1159 2362 Alii
1185 2329 1289 2371 enim,
1326 2332 1367 2363 ut
1392 2328 1610 2363 Plutarchus
1637 2327 1741 2362 Thes.
1761 2328 1816 2370 27,
1852 2326 2057 2361 Macrobius

364 2389 432 2420 sat.
452 2386 469 2420 I
489 2387 541 2430 17,
570 2388 623 2430 18,
650 2391 802 2422 narrant
826 2387 1030 2431 Apollinem
1057 2399 1098 2422 ea
1125 2388 1166 2422 de
1194 2398 1303 2422 causa
1320 2388 1562 2433 Βοηδρόμιον
1588 2387 1811 2431 appellatum
1838 2396 1925 2429 esse,
1964 2385 2056 2428 quod

365 2444 524 2480 Theseus
545 2445 718 2480 adversus
737 2447 940 2481 Amazonas
959 2450 1187 2491 pugnaturus
1205 2447 1306 2481 illum
1333 2457 1372 2481 eo
1399 2447 1552 2489 1101111110,
1579 2450 1620 2480 ut
1647 2445 1829 2480 oraculum
1856 2448 2055 2488 monuerat,

365 2504 569 2538 invocasset
594 2505 650 2538 vel
677 2505 731 2539 1111
758 2505 1006 2540 sacrificasset.
1046 2506 1126 2540 Non
1152 2507 1266 2550 igitur
1293 2506 1378 2540 deus
1404 2515 1574 2549 praesens
1588 2505 1868 2539 Atheniensibus
1893 2514 2057 2548 pugnan-

365 2563 463 2597 tibus
502 2564 703 2606 opitulatus
743 2568 807 2608 est,
846 2575 970 2599 verum
996 2565 1124 2608 Apollo
1151 2565 1278 2599 Thesei
1314 2565 1478 2608 precibus
1515 2565 1717 2607 victoriam,
1757 2567 1799 2598 ut
1835 2564 1890 2598 ita
1929 2563 2055 2605 dicam,

367 2621 496 2656 absens
523 2625 716 2666 concessit,
750 2623 785 2657 id
812 2624 905 2666 quod
931 2627 1112 2658 recentem
1139 2625 1313 2668 originem
1339 2624 1486 2658 redolet.
1538 2622 1771 2657 Philochorus
1798 2625 1920 2656 autem
1945 2621 2057 2666 (FHG

366 2681 383 2714 I
401 2681 469 2715 389
494 2681 535 2715 fr.
556 2681 610 2725 33,
648 2682 744 2725 apud
765 2683 937 2726 Harpocr.
958 2694 984 2717 s.
1005 2695 1036 2717 v.
1058 2683 1294 2728 Βοηδρόμια)
1328 2682 1480 2717 credidit
1505 2682 1570 2716 hoo
1595 2682 1727 2716 festum
1753 2682 1885 2715 ideirco
1911 2681 2058 2715 institu-

367 2742 444 2774 tum
471 2750 558 2783 esse,
586 2741 679 2783 quod
699 2741 763 2775 Ion
788 2741 904 2776 Xuthi
931 2742 1025 2776 filius
1043 2742 1325 2776 Atheniensibus
1352 2752 1431 2775 oum
1457 2740 1643 2784 Eumolpo,
1671 2740 1936 2774 Eleusiniorum
1963 2739 2056 2774 soili-

368 2803 425 2833 cet
451 2809 545 2843 rege,
574 2799 830 2835 dimicantibus
857 2802 1110 2843 succurrisset;
1149 2801 1272 2835 eadem
1303 2800 1376 2835 fere
1402 2800 1577 2843 praebent
1603 2799 1722 2842 Etym.
1742 2798 1788 2833 M.
1808 2809 1834 2832 s.
1854 2809 1885 2832 v.
1906 2798 2058 2843 βοηδρο·

367 2861 456 2902 μεῖν
484 2858 575 2901 (202.
604 2858 679 2903 42).
719 2859 848 2894 Suidas
883 2870 909 2894 s.
935 2871 967 2893 v.
994 2860 1226 2905 Βοηδρόμια,
1264 2860 1333 2893 nisi
1372 2859 1463 2901 quod
1502 2869 1563 2902 pro
1599 2858 1684 2892 Ione
1719 2857 1882 2892 Xuthum
1916 2859 2058 2900 patrem

369 2916 606 2951 substituunt.
646 2918 744 2952 Idem
762 2918 1053 2962 Etymologicum
1074 2929 1099 2953 s.
1119 2930 1151 2953 v.
1170 2918 1421 2962 Βοηδρομιὼν
1440 2917 1532 2962 (202,
1553 2916 1610 2961 50)
1629 2916 1833 2960 Apollinem
1852 2915 1944 2950 bello
1962 2916 2058 2949 inter

369 2974 608 3010 Athenienses
635 2980 671 3010 et
697 2977 899 3011 Eleusinios
924 2978 978 3011 ita
1004 2977 1185 3011 Inculcare
1210 2977 1325 3010 invito
1352 2975 1485 3018 studet,
1513 2976 1615 3018 quasi
1642 2986 1684 3009 ex
1711 2975 1890 3009 exercitus
1915 2973 2058 3008 ululatu

370 3033 431 3068 ille
456 3034 707 3080 Βοηδρομιὼν
734 3036 938 3081 appellatus
979 3037 1046 3079 sit;
1085 3036 1178 3078 quod
1213 3037 1374 3080 ineptum
1413 3038 1478 3070 est.
1529 3035 1579 3069 Ut
1604 3044 1678 3069 rem
1703 3034 1828 3079 paucis
1853 3033 1973 3068 verbis
1997 3032 2059 3067 ab·
