2180 3482
354 211 410 251 60
995 209 1048 244 De
1075 209 1206 253 hymno
1232 211 1412 255 Apollinis

354 315 409 369 (c.
434 315 453 356 I
474 317 514 367 4,
544 317 581 365 1)
605 318 783 358 solvitur
805 319 915 359 acris
937 318 1064 359 hiems
1089 323 1214 373 yrata
1246 320 1327 360 vice
1358 320 1464 360 veris
1496 324 1533 361 et
1553 320 1733 371 Favoni,
1767 322 1862 361 tum
1895 319 2049 375 paucis

354 385 554 428 versibus
586 384 829 427 interiectis
853 388 910 440 (v.
936 389 979 438 9)
1003 403 1115 430 mmo
1148 390 1258 430 decet
1290 394 1364 430 aut
1396 390 1520 431 viridi
1549 396 1673 445 caput
1694 392 1894 446 impedire
1915 397 2049 447 myrto

354 462 428 498 aut
441 457 565 511 flore,
600 462 734 497 terrae
766 471 882 511 quem
915 457 1058 506 ferunt
1090 461 1251 501 solutae
1266 459 1305 512 1).
1363 457 1421 500 At
1455 472 1510 500 ex
1544 459 1747 502 omnibus
1779 474 1895 502 unus
1926 461 2049 503 locus

354 525 596 567 simillimus
620 528 687 568 est
711 525 871 568 Catulli
895 527 1055 578 (LXIV
1080 530 1199 583 282):
1236 528 1402 571 Chiron
1424 528 1557 572 flores
1579 530 1699 573 Pelei
1733 530 1903 582 obtulit,
1939 545 2050 587 quos

354 610 464 638 aura
490 599 608 652 parit
631 599 766 652 flores
800 599 928 654 tepidi
956 599 1143 652 fecunda
1176 600 1353 642 Favoni.

473 666 526 710 83
577 666 797 722 Cyrenaei
842 667 1001 720 hieme,
1063 683 1163 711 cum
1210 672 1337 712 tanta
1379 669 1539 712 florum
1586 670 1778 714 varietas
1826 686 1917 714 non
1963 671 2052 715 iam

355 740 529 793 praesto
555 741 685 790 esset,
720 753 898 781 crocum
920 738 965 780 in
990 739 1151 782 Carnei
1174 754 1247 781 ara
1281 741 1504 796 deponere
1538 741 1753 794 solebant,
1788 742 1864 799 qui
1895 743 2052 785 bruma

355 807 469 851 viret¹
513 812 554 851 et
601 809 831 864 colligitur,
880 812 928 852 ut
957 810 1133 866 scripsit
1170 810 1337 853 Plinius
1373 814 1463 853 nat.
1497 811 1596 854 hist.
1628 812 1742 855 XXI
1768 815 1842 866 343
1892 814 2048 856 eodem

354 882 527 935 spectat
559 880 866 936 veriloquium,
902 881 1021 937 quod
1052 880 1097 923 in
1120 881 1429 937 Etymologico
1452 883 1614 938 Magno
1639 886 1737 935 539,
1759 886 1831 936 48,
1863 884 1970 927 item
2002 884 2047 926 in

355 950 520 993 scholio
575 952 629 993 ad
676 953 795 995 hunc
830 951 1087 995 Callimachi
1132 953 1279 995 locum
1326 952 1526 1008 legimus.
1592 953 1868 1010 Cyrenarum
1906 955 2048 1011 regio—

354 1036 458 1064 nem
492 1037 671 1065 crocum
704 1023 864 1066 efferre
896 1024 1022 1066 multi
1056 1023 1227 1080 antiqui
1260 1023 1497 1080 scriptores
1535 1027 1772 1078 testantur,
1817 1026 1975 1068 horum
2006 1026 2053 1068 in

353 1107 537 1136 numero
584 1094 915 1150 Theophrastus
962 1095 1062 1137 hist.
1093 1095 1228 1150 plant.
1260 1095 1321 1137 IV
1352 1098 1391 1147 3,
1421 1097 1461 1147 13
1515 1095 1576 1138 VI
1599 1099 1638 1148 6,
1664 1098 1708 1149 53
1765 1111 1882 1139 caus.
1914 1097 2051 1152 plant.

357 1164 418 1205 VI
455 1166 519 1216 18,
552 1167 597 1217 33
648 1164 814 1207 Plinius
852 1165 965 1207 XXI
1003 1168 1078 1219 313
1138 1165 1353 1221 Synesius
1399 1165 1524 1221 epist.
1568 1169 1651 1209 134
1683 1167 1869 1220 Herch.;
1926 1167 2053 1210 multi

357 1234 427 1277 alii
441 1233 485 1289 ²).
547 1235 696 1291 Atque
733 1251 825 1278 non
864 1237 1006 1279 solum
1038 1236 1206 1279 Plinius
1245 1237 1322 1279 sed
1360 1236 1692 1293 antiquissimus
1723 1238 1863 1290 testis,
1910 1239 2052 1282 Theo-

358 1306 566 1362 phrastus
591 1307 647 1355 (h.
673 1307 734 1349 VI
757 1309 796 1359 6,
822 1310 867 1359 53
891 1321 926 1349 c.
951 1307 1013 1350 VI
1041 1309 1106 1359 18,
1130 1310 1187 1361 3),
1212 1307 1495 1351 adseveravit
1514 1307 1702 1363 Cyrenis
1726 1312 1903 1365 praeter
1934 1312 2052 1352 cete-

357 1391 428 1418 ras
460 1377 667 1432 regiones
701 1391 879 1420 crocum
913 1377 1167 1421 acutissime
1200 1378 1331 1430 olere,
1372 1392 1529 1420 causas
1563 1379 1795 1435 quaesivit.
1853 1380 2055 1422 Fuerunt

358 1450 505 1490 autem
518 1447 773 1504 insequenti
785 1452 945 1501 aetate,
960 1449 1035 1505 qui
1044 1448 1232 1504 Corycio
1246 1449 1437 1505 palmam
1450 1449 1688 1502 deferrent,
1703 1451 1780 1492 sed
1792 1451 2054 1507 plerumque

358 1522 639 1574 unguentum
664 1519 890 1562 crocinum
917 1520 1065 1576 potius
1093 1534 1226 1576 quam
1253 1519 1385 1563 flores
1418 1519 1686 1576 significant.
1740 1521 1799 1563 At
1832 1520 2053 1577 quaestio-

357 1603 461 1632 nem
495 1590 549 1632 de
581 1593 914 1645 unguentorum
946 1590 1222 1647 praestantia
1252 1590 1486 1634 instituere
1518 1591 1632 1634 nolo.
1668 1617 1722 1622 -—
1757 1594 1925 1635 άέναον
1963 1598 2055 1649 πῦρ

358 1659 508 1702 nescio
549 1675 605 1703 an
640 1661 936 1704 Callimachus
970 1676 993 1705 e
1025 1661 1216 1704 Pindaro
1257 1676 1335 1704 suo
1376 1662 1643 1718 prompserit
1684 1662 1759 1719 qui
1799 1663 1945 1719 (Pyth.
1969 1664 1988 1705 I
2012 1666 2053 1715 5)

357 1733 436 1774 τὸν
492 1734 714 1787 αἰχμητάν
770 1736 994 1790 κεραυνὸν
1043 1767 1050 1774 .
1088 1766 1139 1775 ..
1189 1726 1356 1776 ἇενάου
1405 1736 1548 1790 πυρός
1593 1733 1780 1789 scripsit.
1846 1733 1976 1786 Quod
2020 1733 2055 1776 si

359 1817 438 1858 pro
473 1806 593 1846 certo
626 1804 790 1846 habere
821 1803 988 1856 liceret,
1022 1804 1109 1846 iam
1143 1807 1369 1847 constaret
1392 1803 1712 1847 Callimachum
1744 1805 1862 1861 apud
1894 1804 2055 1847 Pinda-

359 1888 457 1915 rum
510 1877 675 1917 ἀενάου
728 1874 902 1930 legisse,
960 1889 1052 1918 non
1106 1878 1304 1927 αἰενάου,
1361 1876 1479 1931 quod
1532 1874 1812 1919 confidenter
1862 1875 2057 1918 restituit

361 1945 594 1997 Schroder,
657 1962 684 1988 ν
717 1948 798 1988 109
841 1948 890 1988 ἐν
929 1948 966 1989 δ’
1005 1945 1128 1989 ὕδατ’
1171 1948 1239 1989 αἰὲ
1280 1949 1450 1990 νάοντα
1491 1947 1662 1990 collato.
1726 1946 1785 1988 At
1824 1946 2057 1990 fatendum

361 2018 428 2058 est
459 2015 546 2058 iam
569 2016 809 2058 Pindarum
832 2016 1055 2059 interdum
1076 2018 1160 2059 hac
1187 2031 1298 2060 voce
1330 2031 1459 2059 usum
1492 2031 1589 2060 esse
1621 2018 1666 2059 in
1699 2017 1921 2073 perennis,
1957 2031 2056 2073 per-

360 2086 497 2142 petui,
530 2101 620 2129 non
652 2090 827 2129 tantum
859 2091 1075 2144 perpetuo
1109 2087 1302 2140 fluentis,
1338 2089 1626 2141 decurrentis,
1662 2087 2055 2144 significationem3

361 2156 438 2199 cfr.
468 2157 591 2200 Nem.
615 2158 681 2200 XI
704 2161 731 2200 8
781 2161 854 2201 καὶ
888 2159 1036 2212 ξενίου
1071 2159 1168 2212 Διὸς
1202 2162 1401 2202 ἀσκεῖται
1432 2161 1565 2213 θέμις
1598 2161 1777 2213 άενάοις
1810 2161 1860 2202 ἐν
1891 2161 2054 2216 τραπέ-

361 2230 476 2282 ζαις;
527 2229 592 2271 Ol.
621 2229 728 2271 XIV
758 2232 801 2270 11
848 2232 1035 2272 αἰέναον
1074 2232 1246 2286 σέβοντι
1292 2232 1462 2286 πατρὸς
1503 2230 1770 2284 Ὀλυμπίοιο
1814 2233 1960 2284 τιμάν,
2007 2232 2058 2272 ut

360 2314 449 2342 non
491 2303 607 2342 esset
647 2314 830 2343 necesse
866 2300 1134 2343 Callimacho
1177 2304 1348 2343 certum
1392 2301 1619 2357 exemplar
1660 2300 1832 2343 imitari.
1894 2303 2058 2353 ἀέναος

363 2370 631 2414 Callimacho
654 2371 741 2413 iam
767 2374 1030 2423 „constans“'
1058 2374 1165 2423 erat,
1200 2374 1249 2413 ut
1270 2371 1329 2412 illi
1351 2371 1504 2414 liceret
1527 2375 1597 2414 ἀεί
1630 2371 1772 2414 eidem
1807 2371 2058 2414 sententiae

362 2441 537 2483 addere.
560 2467 610 2471 —
629 2442 685 2485 84
701 2445 1012 2498 περιβόσκεται
1032 2443 1086 2484 de
1103 2441 1253 2485 favilla
1285 2443 1355 2485 vel
1383 2441 1531 2485 cinere
1563 2442 1771 2497 intellego
1806 2442 1881 2498 qui
1915 2456 1941 2484 a
1970 2441 2058 2484 foci

361 2511 562 2567 margine
607 2513 661 2554 ad
702 2512 896 2555 medium
938 2512 1085 2568 ignem
1127 2512 1354 2568 paullatim
1396 2527 1670 2568 progressus,
1721 2513 1825 2554 dum
1867 2512 1939 2555 hic
1981 2526 2057 2555 ex-

363 2582 616 2638 stinguitur,
667 2584 882 2626 carbones
922 2583 1047 2640 quasi
1086 2586 1308 2640 pascatur,
1354 2583 1637 2626 circumedat.
1702 2583 1839 2626 Verbi
1877 2584 2057 2639 περιβό-

482 2679 507 2722 1)
534 2678 627 2712 Nam
653 2678 718 2713 hoc
744 2680 893 2713 solutae
918 2689 998 2713 cum
1024 2678 1086 2712 illo
1104 2680 1272 2713 solvitur
1292 2678 1581 2722 coniungendum
1607 2681 1673 2714 est.
1700 2688 1771 2712 non
1798 2678 1852 2711 ita
1878 2677 2060 2720 explican-

363 2737 456 2779 dum,
484 2739 587 2780 quasi
614 2738 835 2771 contrarium
854 2737 909 2771 illi
934 2738 1131 2781 impedire
1157 2738 1216 2775 sit,
1244 2740 1286 2771 ut
1310 2736 1542 2780 Kiesslingius
1568 2737 1715 2779 scrIpsit
1741 2735 1799 2780 (ad
1817 2735 1911 2779 loc).
1929 2756 1973 2759 —
1991 2736 2060 2769 Fa-

362 2797 467 2830 vonio
493 2799 531 2830 in
557 2798 651 2831 veris
677 2797 784 2840 primi
803 2796 1105 2839 descriptionibus
1125 2796 1328 2830 horatianis
1348 2799 1467 2829 certus
1486 2796 1584 2830 locus
1611 2798 1682 2829 est:
1717 2805 1744 2828 0.
1764 2795 1819 2828 ΠΙ
1838 2795 1869 2838 7,
1892 2795 1911 2828 1
1944 2805 2060 2839 quem

363 2855 444 2897 tibi,
481 2857 670 2898 candida,
701 2858 842 2900 primo
869 2858 1081 2890 restituent
1105 2866 1192 2890 vere
1218 2856 1394 2889 Favonii
1409 2866 1415 2895 ;
1450 2854 1500 2889 IV
1517 2854 1538 2887 9
1562 2855 1728 2897 friyora
1754 2856 1971 2888 mitescunt
1995 2854 2060 2888 Ze-

356 2915 518 2958 phyris,
546 2926 612 2949 ver
624 2917 799 2958 proterit
817 2918 950 2949 aestas
971 2917 1209 2956 interiturffi
1237 2924 1290 2957 ep.
1305 2913 1322 2947 I
1341 2914 1372 2956 7,
1394 2912 1438 2947 13
1457 2924 1548 2948 cum
1563 2913 1760 2956 Zephyris
1782 2940 1787 2946 .
1808 2941 1813 2946 .
1836 2939 1843 2946 .
1862 2915 1899 2946 et
1916 2913 2059 2947 hirun-

364 2974 458 3007 dine
480 2975 631 3016 prima.

483 3031 510 3076 ⁹)
537 3033 761 3067 Testimonia
787 3043 921 3077 magna
947 3043 965 3066 e
990 3037 1095 3075 parte
1121 3033 1195 3067 iam
1221 3031 1416 3076 eollegerat
1443 3030 1719 3074 Spannheimius
1745 3030 1790 3064 ad
1815 3030 1880 3064 loc.
