2180 3482
723 220 776 254 De
802 230 859 254 vv.
879 220 1029 263 77—79,
1056 220 1101 254 80
1115 230 1189 262 sqq.
1746 222 1800 261 57

112 329 293 371 machus
325 329 560 369 monstrat:
604 325 735 368 unius
769 324 887 367 enim
920 324 1111 368 civitatis
1144 325 1296 380 religio
1331 325 1492 368 diserte
1526 324 1801 376 describitur,

111 398 241 441 unius
284 398 406 449 ritus,
454 396 741 447 Carneorum,
788 394 981 450 origines
1027 398 1302 451 quaeruntur
1346 399 1480 451 atque
1525 397 1799 438 enarrantur.

112 469 236 511 Prior
274 468 506 524 pericopae
546 480 647 522 pars
686 466 729 507 in
764 468 980 521 apparatu
1013 465 1167 521 templi
1200 466 1552 521 splendidissimo
1585 468 1801 517 versatur,

112 539 328 596 posterior
368 538 413 580 in
447 536 630 580 Carneis
676 536 756 578 illis
794 536 949 592 priscis
992 536 1264 591 simplicibus
1306 540 1349 579 et
1392 536 1547 592 parcis.
1610 536 1803 578 Eosdem

112 610 282 653 animos
320 609 457 665 spirat
495 611 629 663 atque
662 607 865 663 Properti
896 607 921 649 l.
946 608 1006 649 IV
1047 607 1188 662 elegia
1218 608 1360 663 prima
1391 609 1479 662 hoc,
1519 609 1804 664 quodcumque

113 683 237 735 vides,
276 682 432 736 hospeS,
473 695 556 734 qua
588 682 772 721 maxima
805 681 990 728 Ιίοηιαεέ,
1031 685 1126 720 ante
1156 680 1363 735 Phryyem
1394 681 1578 720 Aeneam
1615 680 1730 720 collis
1768 683 1804 719 et

111 753 237 794 herba
277 753 370 804 fuit,
413 756 537 806 atque
576 751 645 791 uhi
678 751 837 791 Navali
874 756 988 791 stant
1024 765 1146 791 sacra
1181 751 1355 791 Palatia
1387 749 1565 801 Phoebo,
1604 749 1804 790 Euandri

105 822 315 879 profuyae
360 823 613 863 concubuere
661 822 796 870 bove-33
846 819 1024 861 eosdem
1066 822 1201 874 atque
1233 818 1401 873 Vergili
1440 818 1551 860 liber
1581 817 1803 860 Aeneidos

112 891 229 943 VIII,
262 890 338 933 ubi
359 890 469 933 ritus
492 889 625 946 prisci
648 889 839 933 civitatis
863 889 1061 931 Euandri
1088 888 1309 944 palatinae
1342 888 1480 931 oculis
1513 888 1801 930 subiciuntur.

111 962 259 1018 Atque
298 976 349 1005 eo
390 960 668 1017 potissimum
707 960 952 1003 carminum
992 960 1353 1015 aetiologicorum
1385 958 1666 1015 pulchritudo
1701 972 1803 1000 con-

112 1032 291 1083 tinetur,
342 1033 460 1088 quod
513 1031 732 1086 originum
782 1030 996 1086 cuiusque
1042 1030 1106 1073 rei
1159 1029 1346 1085 agrestis
1399 1029 1656 1085 simplicitas
1705 1043 1804 1071 cum

113 1103 418 1159 magnitudine
442 1105 482 1145 et
506 1101 842 1156 magnificentia
865 1115 1016 1144 eorum
1044 1115 1158 1157 quae
1189 1100 1293 1143 inde
1325 1099 1540 1155 originem
1574 1103 1804 1155 ceperunt,

113 1174 157 1215 in
190 1188 278 1216 uno
312 1177 556 1228 conspectu
590 1171 882 1228 componitur.
932 1172 1087 1227 Neque
1122 1171 1318 1214 carmina
1344 1170 1607 1226 aetiologica
1638 1173 1806 1213 temere

113 1247 157 1287 et
178 1244 374 1296 fortuito,
409 1244 487 1286 sed
510 1243 711 1285 consulto
737 1242 1098 1295 commemoravi;
1133 1256 1243 1298 quas
1268 1241 1383 1284 enim
1413 1242 1596 1284 choreas
1619 1240 1807 1284 Theraei

113 1314 296 1358 Carneis
330 1314 560 1366 saltarunt,
595 1312 947 1355 adulescentium
980 1327 1302 1368 cyrenaeorum
1336 1312 1569 1366 saltationi,
1609 1326 1723 1367 quae
1754 1311 1807 1353 fit

113 1386 215 1427 dum
241 1384 537 1428 Callimachus
566 1383 773 1440 loquitur,
809 1384 1014 1439 exemplo
1037 1383 1230 1426 fuerunt.
1285 1382 1500 1438 Pericopa
1525 1382 1570 1424 in
1591 1382 1806 1438 Apollinis

112 1456 264 1499 laudes
310 1455 414 1507 exit,
461 1454 537 1511 qui
580 1455 745 1496 nullam
785 1454 1012 1498 civitatem
1049 1454 1185 1496 tantis
1223 1453 1481 1496 muneribus
1516 1453 1808 1496 cumulaverit

114 1526 293 1583 quantis
327 1526 541 1582 Cyrenas,
581 1529 675 1568 tum
708 1525 1013 1568 Battiadarum
1053 1524 1127 1581 qui
1165 1524 1273 1566 nulli
1305 1525 1387 1567 deo
1420 1527 1595 1566 tantum
1627 1524 1807 1567 honoris

115 1597 352 1640 tribuerint
385 1600 601 1653 quantum
633 1596 838 1652 Apollini.
898 1596 949 1638 V.
975 1597 1030 1637 28
1053 1610 1148 1652 sqq.
1192 1595 1342 1638 dedita
1382 1609 1516 1651 opera
1556 1595 1601 1637 in
1642 1609 1806 1638 memo·
1840 1610 1847 1617 ·

113 1668 223 1711 riam
245 1670 528 1719 revocantur,
554 1666 714 1723 quibus
731 1666 1035 1723 praedicatum
1054 1669 1161 1718 erat,
1186 1665 1291 1722 quid
1309 1667 1443 1708 choro
1467 1666 1527 1707 illi
1549 1667 1806 1709 adulescen-

113 1739 223 1782 tium
266 1752 588 1794 cyrenaeorum
631 1752 731 1780 cum
771 1737 977 1793 Apolline
1017 1737 1327 1789 intercederet,
1382 1739 1490 1793 quot
1537 1737 1607 1780 dei
1655 1737 1808 1779 laudes

114 1809 197 1852 illis
222 1809 269 1851 in
294 1811 503 1866 promptu
537 1811 698 1860 essent,
733 1811 901 1864 quanta
924 1822 999 1851 eos
1031 1809 1237 1851 mercede
1258 1808 1415 1864 Apollo
1448 1810 1808 1851 remuneraturus

114 1882 242 1923 esset.
305 1880 454 1936 Atque
487 1882 704 1935 quantum
736 1879 839 1921 huic
872 1879 1077 1921 carminis
1109 1879 1225 1935 parti
1256 1879 1351 1935 ipse
1389 1878 1464 1935 qui
1505 1878 1691 1934 scripsit,
1732 1877 1807 1919 tri-

113 1950 271 2003 buerit,
316 1951 389 1994 vel
426 1950 529 1993 inde
567 1950 725 2002 elucet,
773 1950 891 2006 quod
929 1949 975 1992 in
1013 1950 1097 1992 hac
1134 1949 1344 2006 pericopa
1383 1952 1426 1992 et
1464 1949 1730 2004 imaginibus
1764 1951 1808 1991 et

114 2035 280 2078 genere
332 2021 508 2064 dicendi
558 2023 736 2077 praeter
784 2020 1153 2064 consuetudinem
1198 2020 1459 2063 luxuriatur.
1525 2019 1807 2075 Comparatio

115 2092 232 2135 enim
254 2092 414 2135 florum
437 2091 592 2148 copiae
613 2090 806 2147 Apollini
833 2091 1082 2133 oblatorum
1105 2105 1206 2133 cum
1233 2105 1384 2134 eorum
1416 2091 1575 2133 florum
1608 2105 1807 2142 numero,

115 2177 247 2220 quem
279 2163 428 2205 Horae
462 2161 675 2217 colligunt
707 2162 912 2218 Zephyro
945 2176 1092 2204 rorem
1131 2161 1341 2218 spirante,
1386 2161 1526 2217 magis
1569 2164 1810 2204 exornatur

115 2248 248 2290 quam
273 2233 377 2276 huic
403 2232 487 2275 arti
512 2232 686 2275 sobriae
712 2233 974 2289 plerumque
1007 2235 1051 2276 et
1084 2232 1211 2289 quasi
1243 2247 1425 2276 severae
1458 2235 1809 2275 consentaneum

118 2307 196 2347 est.
262 2304 398 2347 Verbi
430 2307 521 2346 tam
554 2304 766 2346 audacter
798 2303 999 2360 usurpati
1031 2318 1165 2359 quam
1197 2303 1385 2347 verbum
1417 2305 1732 2360 περιβόσκεται
1764 2302 1810 2344 in

119 2390 158 2418 v.
183 2377 241 2418 84
264 2374 511 2426 adhibetur,
545 2374 621 2416 ubi
646 2373 797 2417 favilla
817 2375 1030 2417 hesterna
1052 2374 1266 2417 carbones
1294 2373 1416 2429 pasci
1442 2374 1513 2417 vel
1545 2373 1692 2429 potius
1728 2373 1809 2415 cir-

118 2446 353 2489 cumedere
385 2445 558 2497 dicitur,
592 2459 683 2487 non
714 2445 854 2487 multa
886 2445 1092 2500 exempla
1125 2458 1180 2487 ex
1212 2444 1389 2500 hymnis
1423 2443 1666 2499 collegeris.

233 2515 495 2571 Priusquam
544 2515 599 2557 ad
646 2514 820 2570 singula
866 2515 1201 2571 interpretanda
1247 2515 1513 2567 accedimus,
1563 2514 1639 2571 qui
1681 2513 1810 2556 huius

117 2600 248 2642 quem
295 2585 551 2628 umbilicum
596 2585 800 2637 diximus,
849 2585 894 2627 in
938 2585 1093 2641 hymni
1138 2585 1459 2641 compositione
1499 2585 1622 2628 locus
1663 2584 1808 2637 fuerit,

116 2657 261 2712 paullo
285 2656 539 2712 diligentius
563 2670 840 2712 quaeramus.
887 2656 1084 2712 Reliquis
1118 2656 1235 2698 enim
1268 2657 1440 2698 duobus
1472 2655 1663 2711 hymnis,
1699 2669 1810 2711 quos

118 2727 172 2769 ab
204 2727 299 2783 ipso
334 2727 602 2770 Callimacho
637 2741 737 2768 cum
774 2728 859 2769 hoc
899 2727 1092 2769 carmine
1130 2727 1305 2769 iunctos
1338 2741 1435 2769 esse
1468 2741 1546 2782 pro
1580 2728 1700 2769 certo
1734 2726 1810 2767 ha-

115 2797 284 2850 bemus,
331 2798 498 2853 hymno
538 2797 582 2839 in
614 2796 804 2839 Dianam
839 2800 883 2840 et
920 2798 1087 2852 hymno
1126 2797 1170 2839 in
1202 2797 1377 2849 Delum,
1424 2796 1606 2851 singulis
1645 2796 1811 2852 pariter

116 2867 222 2911 locis
268 2883 358 2911 una
405 2871 526 2911 certa
567 2867 720 2924 religio
762 2871 1006 2920 enarratur,
1055 2868 1140 2919 vel,
1190 2871 1239 2910 ut
1277 2867 1525 2910 accuratius
1563 2867 1809 2923 loquamur,

117 2953 386 2995 quamquam
417 2939 583 2982 multae
614 2941 877 2991 tractantur,
922 2938 1053 2980 unius
1085 2937 1278 2993 origines
1311 2937 1634 2990 describuntur,
1679 2937 1811 2980 unius

117 3012 357 3065 apparatus
399 3010 649 3052 laudantur.
714 3010 881 3065 Hymni
928 3009 975 3050 in
1019 3008 1211 3051 Dianam
1250 3024 1290 3051 v.
1322 3011 1405 3050 237
1426 3023 1521 3065 sqq,
1560 3008 1811 3052 Amazones
