2180 3482
395 216 450 256 96
1029 211 1083 245 De
1109 211 1242 246 fabulis
1268 213 1455 255 cyrenaeis

395 334 506 361 anus
539 332 586 361 se
619 316 744 373 quasi
777 317 907 359 deum
942 320 1153 372 praestat,
1195 317 1271 373 qui
1303 317 1455 360 orbem
1493 320 1638 360 terrae
1676 320 1889 373 pererrat,
1929 320 1977 360 ut
2016 333 2092 360 ara

395 390 489 433 Iovi
513 388 769 439 constituta,
795 386 906 428 Sirio
930 401 977 429 re
1000 387 1150 430 divina
1171 387 1292 430 facta
1309 387 1607 443 pestilentiam
1625 388 1851 430 arcessat?
1875 389 2090 431 Hercules

394 464 537 502 totum
569 462 787 501 terrarum
821 458 973 500 orbem
1005 458 1266 514 pererravit,
1301 461 1349 500 ut
1376 472 1519 513 genus
1550 459 1795 500 humanum
1827 473 1853 500 a
1883 458 2091 500 monstris

392 531 611 580 liberaret,
645 529 784 570 multa
815 543 972 584 passus
1004 529 1142 570 multa
1175 532 1219 572 et
1250 544 1414 584 magna
1446 529 1596 584 gessit,
1631 530 1709 571 sed
1740 532 1881 571 morte
1915 530 2090 571 demum

393 601 437 642 in
462 614 644 655 superos
669 599 868 641 sublatus
893 601 971 641 est.
1012 598 1071 640 At
1088 599 1250 642 dixerit
1268 599 1486 655 quispiam
1504 614 1595 642 non
1612 603 1703 641 tam
1725 599 1865 641 multa
1888 600 2092 655 exempla

393 672 577 713 heroum
612 672 802 721 exstare,
837 669 912 725 qui
945 669 1015 712 dei
1047 670 1154 712 facti
1188 669 1288 721 sint,
1322 673 1371 711 ut
1399 670 1508 712 certi
1531 670 1636 726 quid
1659 670 1924 712 concludere
1946 670 2089 712 liceat.

394 742 444 784 Id
467 740 646 797 quidem
668 740 858 782 libenter
881 741 1092 791 concedo,
1118 755 1387 796 quamquam
1411 740 1506 796 ipse
1528 740 1724 782 animum
1756 740 1968 783 inducere
2000 755 2090 783 non

392 826 586 868 possum,
621 810 697 866 qui
728 810 986 853 immortalis
1018 810 1164 852 factus
1198 810 1266 862 sit,
1300 811 1526 853 Fortunae
1558 810 1716 864 subici3
1760 812 1837 854 sed
1868 810 2091 853 mordicus

395 886 529 925 teneo
563 896 653 923 non
689 884 909 933 constare,
951 885 1099 923 utrum
1131 881 1390 936 Apollonius
1431 881 1485 923 ab
1523 895 1613 923 una
1644 882 1767 924 Eoea
1804 882 1995 937 pendeat
2036 897 2090 924 an

393 953 525 996 etiam
559 966 584 994 a
617 952 811 994 carmine
844 951 1054 1007 peculiari
1089 952 1142 994 de
1174 951 1378 994 Aristaeo
1394 952 1434 1003 ¹).
1500 952 1611 993 Nam
1650 966 1798 1007 neque
1836 951 2092 994 testimonia

397 1026 576 1067 exstant
608 1023 696 1065 ulla
728 1026 770 1066 et
804 1022 1005 1065 Aristaeo
1039 1022 1083 1064 in
1117 1023 1298 1065 deorum
1334 1036 1569 1065 numerum
1602 1023 1740 1065 relato
1773 1023 1895 1065 Eoea
1927 1022 2092 1078 optime

396 1094 602 1136 concludi
641 1096 828 1149 poterat.
893 1094 1050 1149 Neque
1089 1094 1207 1149 quod
1239 1092 1499 1149 Apollonius
1539 1107 1776 1135 excursum
1808 1095 2094 1150 προτέροισιν

393 1167 610 1221 ἀνδράσιν
649 1164 790 1206 allatis
828 1164 1083 1215 introducit,
1129 1163 1276 1207 verbis
1316 1166 1389 1206 καὶ
1427 1166 1482 1206 τὰ
1519 1165 1603 1218 μὲν
1644 1169 1703 1216 ὣς
1741 1165 1949 1206 ὑδέονται
1986 1178 2090 1206 con-

396 1235 544 1287 cludit,
578 1235 681 1277 inde
706 1234 886 1277 efficere
912 1234 1013 1277 licet
1047 1235 1167 1276 illum
1201 1234 1349 1277 omnia
1382 1248 1437 1277 ex
1470 1249 1558 1277 uno
1593 1238 1775 1277 auctore
1808 1234 2089 1290 prompsisse.

512 1307 767 1361 Utcumque
814 1309 963 1348 autem
1010 1319 1081 1348 res
1129 1320 1176 1347 se
1223 1305 1371 1357 habet,
1410 1314 1536 1360 ‘nego
1585 1305 1828 1348 Hesiodum
1877 1305 2093 1347 in‘Eoea

392 1376 631 1419 Actaeonis
654 1380 855 1428 mortem,
879 1376 1069 1429 Aristaei
1099 1379 1142 1418 et
1166 1376 1401 1418 Autonoae
1423 1375 1575 1417 matris
1598 1390 1844 1418 maerorem
1863 1375 2089 1418 cecinisse.

395 1447 538 1499 Quid?
602 1448 720 1503 quod
752 1447 959 1489 Autonoa
991 1447 1036 1488 in
1069 1446 1354 1502 Theogoniae
1389 1446 1636 1502 appendice
1676 1451 1732 1495 (v.
1757 1449 1858 1498 977)
1900 1460 2091 1488 comme-

391 1521 589 1560 moratur
620 1520 856 1574 Αὐτονόην
898 1517 944 1560 θ’
983 1522 1035 1573 ἣν
1077 1523 1218 1574 γῆμεν
1259 1519 1500 1573 Ἀρισταῖος
1541 1518 1835 1573 βαθυχαίτης,
1884 1517 1927 1558 id
1968 1516 2090 1559 testi-

391 1588 539 1631 monio
574 1592 640 1631 est
673 1589 755 1631 VII
788 1603 825 1630 a.
851 1587 952 1630 Chr.
978 1604 1019 1630 n.
1050 1588 1226 1630 saeculo
1253 1587 1493 1630 Actaeonis
1525 1587 1721 1629 fabulam
1753 1590 1906 1630 notam
1939 1587 2089 1639 fuisse,

391 1659 508 1701 illam
541 1659 586 1700 in
620 1659 751 1702 Eoeis
785 1659 1037 1701 exstitisse?
1100 1659 1240 1715 quue
1280 1673 1332 1701 ea
1370 1659 1424 1701 de
1463 1672 1598 1700 causa
1636 1658 1763 1714 quasi
1796 1658 2089 1701 certissimum

393 1730 475 1771 sihi
499 1733 694 1782 sumunt,
719 1730 837 1786 quod
859 1730 971 1772 haec
994 1729 1279 1785 Theogoniae
1302 1743 1405 1784 pars
1428 1744 1453 1771 a
1476 1728 1697 1771 Pausania
1714 1729 1750 1782 (Ι
1762 1731 1802 1781 3,
1822 1732 1858 1782 1)
1883 1731 1975 1772 ἀπὸ
1999 1735 2090 1772 τῶν

393 1803 518 1843 ἐπῶν
558 1807 650 1843 τῶν
691 1803 736 1853 ἐς
777 1803 855 1854 τὰς
896 1807 1133 1857 γυναῖκας,
1181 1800 1225 1842 id
1267 1803 1331 1843 est
1376 1814 1430 1842 ex
1473 1799 1604 1842 Eoeis
1648 1799 1819 1842 citatur.
1893 1799 1952 1841 At
1993 1799 2091 1855 quis

393 1872 581 1927 spondet
600 1872 839 1914 Autonoen
856 1886 948 1914 non
971 1885 1135 1914 nomen
1157 1870 1294 1913 fuisse
1317 1871 1370 1912 ad
1395 1871 1917 1913 stemma-delineandum
1936 1870 2091 1912 fictum

392 1942 446 1984 ab
481 1956 531 1984 eo
560 1942 634 1997 qui
657 1942 885 1985 Actaeona
911 1942 1041 1993 norit,
1077 1956 1177 1984 eum
1211 1956 1236 1983 a
1260 1941 1407 1983 Diana
1434 1944 1665 1984 caecatum
1690 1941 1886 1983 nondum
1913 1940 2090 1983 scierit?

393 2013 541 2069 Atque
564 2013 707 2069 ipsum
732 2027 897 2056 nomen
920 2013 1083 2055 idcirco
1109 2013 1402 2068 compositum
1430 2027 1527 2055 esse
1546 2012 1734 2064 videtur,
1759 2015 1808 2054 ut
1831 2013 2090 2055 hexametro

512 2132 536 2175 ¹)
565 2132 832 2174 Discrepantiis
859 2134 987 2165 contra
1013 2132 1109 2164 inter
1134 2131 1332 2164 Pindarum
1359 2134 1396 2164 et
1422 2130 1653 2173 Apollonium
1679 2141 1750 2164 non
1776 2131 1931 2164 multum
1957 2131 2088 2164 tribuo.

391 2190 570 2224 Pindarus
598 2191 764 2224 narravit
790 2190 1007 2224 Mercurium
1035 2191 1245 2224 Aristaeum
1272 2190 1449 2223 infantem
1476 2189 1521 2223 ad
1547 2189 1664 2223 Horas
1691 2193 1728 2223 et
1746 2189 1884 2223 Gaeam
1910 2192 2090 2232 portasse3

391 2249 604 2292 Apollonius
632 2249 822 2283 Chironem
848 2248 951 2283 illum
979 2248 1160 2282 educasse.
1213 2248 1313 2290 Quod
1339 2259 1409 2281 non
1436 2251 1513 2282 tam
1540 2249 1737 2292 genuinum
1764 2248 1925 2282 videtur:
1959 2247 2089 2282 Chiron

392 2309 485 2342 enim
513 2318 531 2341 e
557 2309 675 2350 priore
702 2307 847 2341 fabulae
879 2311 983 2350 parte
1010 2309 1046 2341 in
1073 2308 1309 2351 posteriorem
1341 2307 1446 2341 tacite
1478 2307 1669 2341 transferri
1700 2310 1856 2349 poterat,
1890 2307 2090 2340 Mercurius

392 2377 462 2399 non
488 2370 565 2400 tam
592 2366 699 2400 facile
725 2367 891 2400 inveniri.
943 2367 1123 2400 Pindarus
1160 2367 1293 2400 cecinit
1319 2366 1435 2400 Horas
1471 2371 1507 2400 et
1542 2366 1679 2400 Gaeam
1714 2365 1815 2399 illum
1850 2365 2090 2400 immortalem

391 2425 534 2467 fecisse;
573 2425 786 2468 Apollonius
812 2425 936 2459 Musas
968 2436 1048 2458 eum
1083 2425 1298 2458 medicinam
1333 2428 1370 2459 et
1403 2425 1618 2458 vaticinium
1645 2424 1808 2458 docuisse
1836 2425 1939 2466 eique
1965 2425 2091 2458 matri-

391 2485 549 2518 monium
563 2494 722 2526 parasse,
742 2483 843 2517 illum
862 2483 1104 2517 immortalem
1118 2483 1255 2517 factum
1273 2485 1420 2517 reticet:
1440 2494 1510 2516 non
1532 2485 1609 2517 sine
1629 2494 1748 2525 causa,
1769 2484 1978 2518 Aristaeum
1996 2484 2090 2517 enim

391 2542 534 2576 heroem
557 2543 794 2585 existimavit,
814 2545 857 2576 ὃν
872 2543 1081 2576 καλέουσιν
1095 2542 1230 2587 Ἀγρέα
1248 2544 1312 2575 καὶ
1327 2541 1478 2586 Νόμιον
1493 2542 1705 2585 πολυλήιοι
1719 2542 1939 2586 Αἱμονιῆες.
1958 2542 2091 2576 Pinda-

392 2611 452 2635 rus
465 2601 551 2635 fecit
563 2601 737 2644 Cyrenem
749 2602 785 2634 in
796 2602 948 2644 Libyam
962 2606 1107 2645 raptam
1120 2612 1141 2634 a
1156 2602 1222 2635 dea
1232 2601 1348 2643 Libya
1362 2605 1545 2644 receptam
1554 2611 1641 2637 esse,
1656 2600 1868 2644 Apollonius
1879 2612 1901 2634 a
1911 2601 2088 2644 nymphis,

392 2664 431 2694 αἳ
443 2660 590 2704 Λιβύην
602 2663 782 2705 ἐνέμοντο
794 2663 912 2706 παραὶ
924 2661 1153 2706 Μυρτώσιον
1165 2660 1335 2702 αἷπος,1(]
1349 2664 1414 2697 est,
1427 2664 1469 2694 ut
1479 2660 1678 2694 Maltenius
1697 2662 1742 2703 (p.
1762 2660 1817 2704 11)
1837 2671 1854 2694 e
1869 2660 1921 2694 IV
1936 2660 2027 2694 1230
2038 2670 2088 2701 sq.

392 2723 489 2754 recte
516 2720 699 2763 conclusit,
728 2721 771 2754 ab
799 2720 1026 2765 Ἡρῴσσαις,
1061 2721 1136 2754 sive
1164 2719 1344 2754 Matribus
1371 2719 1510 2762 libycis.
1563 2719 1661 2760 Quae
1687 2719 1831 2753 fabulae
1863 2719 1978 2753 forma
2009 2729 2089 2753 cum

393 2779 587 2813 doctiorem
619 2782 698 2812 tum
730 2780 965 2813 recentiorem
999 2782 1149 2822 speciem
1184 2789 1270 2821 prae
1302 2789 1339 2812 se
1372 2778 1452 2812 fert.
1504 2778 1603 2812 Haec
1635 2779 1755 2812 omnia
1786 2777 1864 2811 fieri
1895 2778 2018 2820 potuit
2048 2780 2090 2811 ut

392 2838 469 2880 ipse
502 2837 714 2879 Apollonius
746 2839 884 2881 primus
916 2841 1088 2872 mutaret.
1152 2837 1256 2879 Sane,
1296 2837 1515 2878 simulatque
1549 2837 1914 2870 demonstraverimus
1946 2846 2088 2870 carmen

393 2906 606 2937 cyrenaeum
639 2897 760 2939 fuisse,
795 2907 863 2938 quo
897 2900 932 2930 et
958 2896 1171 2938 Apollonius
1205 2900 1241 2929 et
1267 2895 1509 2929 Callimachus
1540 2896 1595 2929 usi
1623 2896 1706 2938 sint7
1739 2895 1827 2929 haec
1854 2905 1993 2937 quoque
2018 2905 2089 2928 non

393 2954 465 2987 iam
491 2954 534 2987 ab
560 2955 748 2996 Apollonio
776 2955 837 2989 sed
864 2955 909 2988 ab
936 2954 997 2988 illo
1025 2956 1183 2989 carmine
1209 2957 1429 2998 repetemus:
1457 2955 1517 2987 sed
1545 2953 1617 2987 illis
1644 2953 1899 2996 discrepantiis
1925 2955 1962 2987 in
1987 2964 2090 2996 prae-

325 3019 330 3024 ·
394 3013 512 3045 sentia
539 3014 642 3054 quasi
669 3017 881 3057 argumento
908 3014 963 3046 uti
990 3024 1059 3047 non
1086 3013 1182 3047 licet.
