2180 3482
338 830 456 905 ΠΙ.
520 831 614 904 De
667 830 915 918 aliquot
965 828 1364 916 hymnorum
1416 827 1629 899 forma
1683 833 1747 900 et
1797 828 2028 917 figura.

1178 972 1193 1011 1

456 1054 712 1098 Callimachi
749 1053 906 1109 hymni
937 1053 984 1104 L,
1024 1052 1113 1103 HL,
1154 1051 1243 1103 IV„
1279 1065 1548 1107 quamquam
1580 1052 1845 1107 hymnorum
1879 1054 2030 1095 home-

337 1127 526 1169 ricorum
566 1141 655 1168 non
695 1139 874 1181 prorsus
914 1123 1075 1166 similes
1117 1124 1234 1173 sunt,
1282 1121 1326 1163 id
1359 1122 1478 1178 quod
1511 1122 1617 1165 alias
1650 1123 1955 1166 demonstrare
1986 1123 2031 1165 in

338 1197 484 1239 animo
519 1200 598 1248 est,
640 1210 790 1239 eorum
820 1198 971 1237 tamen
1001 1193 1171 1236 formae
1204 1192 1386 1249 propius
1418 1194 1657 1246 accedunt3
1691 1194 1845 1248 hymni
1878 1197 2033 1237 contra

337 1267 406 1319 IL,
440 1267 508 1319 V„
542 1267 631 1318 VI„
665 1270 712 1308 ut
736 1266 852 1308 inter
874 1279 921 1307 se
945 1263 1107 1306 similes
1131 1266 1247 1315 sunt,
1282 1263 1343 1305 ita
1369 1263 1423 1305 ab
1456 1263 1538 1305 illis
1570 1267 1664 1306 toto
1698 1265 1819 1307 caelo
1853 1264 2030 1306 distant.

340 1337 389 1379 In
434 1351 707 1394 unoquoque
746 1336 911 1379 festum
950 1334 1097 1391 potius
1134 1333 1321 1389 fingitur
1362 1348 1495 1390 quam
1536 1334 1818 1388 describitur;
1858 1335 2033 1391 piorum

338 1409 513 1450 turbam
555 1423 647 1450 non
687 1421 848 1463 praeco
892 1406 968 1449 sed
1010 1419 1124 1447 unus
1164 1405 1219 1447 de
1250 1404 1532 1447 multitudine
1564 1405 1767 1447 hortatur
1797 1419 1890 1448 rem
1923 1405 2032 1448 divi-

339 1493 442 1520 nam
483 1478 565 1521 rite
608 1478 769 1529 facere,
816 1477 885 1520 dei
926 1475 1173 1533 potentiam
1212 1489 1290 1518 seu
1328 1475 1461 1519 variis
1499 1475 1612 1518 illius
1650 1475 1778 1518 factis
1819 1475 2033 1518 enarratis

341 1549 435 1592 sive
481 1563 570 1591 uno
619 1552 739 1591 certo
786 1547 983 1590 facinore
1030 1546 1268 1602 praedicat.
1341 1547 1704 1603 Unumquodque
1744 1561 1923 1590 carmen
1962 1546 2033 1589 dei

340 1619 587 1676 praesentis
619 1619 846 1662 mentione
879 1617 1168 1661 concluditur.

463 1690 657 1732 Maxima
696 1693 791 1732 arte
822 1689 928 1731 illud
962 1702 1153 1738 carmen,
1195 1688 1313 1744 quod
1344 1687 1622 1744 potissimum
1654 1689 1739 1730 hoc
1769 1687 1915 1731 libello
1947 1687 2032 1730 dis-

341 1760 631 1817 ceptavinmS,
696 1759 989 1817 compositum
1043 1759 1236 1811 videtur3
1301 1773 1479 1801 carmen
1526 1759 1571 1800 in
1619 1758 1809 1801 Palladis
1855 1759 2035 1802 lavacra

340 1831 553 1887 scriptum
601 1831 787 1874 alterum
834 1831 980 1873 locum
1025 1829 1214 1880 obtinet:
1263 1830 1456 1884 hymnus
1491 1829 1664 1872 Cereris
1702 1832 1752 1872 ut
1790 1829 1930 1873 viride
1967 1829 2032 1871 in-

339 1901 517 1957 genium
559 1905 600 1944 et
642 1901 866 1957 egregiam
899 1901 1092 1944 indolem
1125 1901 1186 1942 ita
1217 1915 1376 1942 manus
1409 1901 1554 1943 adhuc
1585 1901 1717 1943 rudes
1748 1901 1936 1957 prodere
1969 1899 2032 1943 vi-

340 1973 480 2014 detur.
519 1972 730 2015 Feminae
745 1972 771 2023 ¹)
790 1986 870 2028 per
891 1971 1047 2014 urbem
1066 1970 1241 2014 Cereris
1264 1970 1309 2012 in
1330 1971 1545 2013 honorem
1567 1971 1827 2014 incedentes
1851 1970 2033 2027 eiusque

339 2057 464 2085 sacra
508 2046 737 2099 portantes
782 2042 920 2085 oculis
965 2041 1260 2094 subiciuntur3
1307 2041 1389 2084 viri
1433 2055 1458 2083 a
1502 2041 1673 2085 viarum
1713 2056 1796 2084 usu
1835 2042 1920 2084 hoc
1962 2041 2032 2084 die

338 2127 483 2170 paene
525 2114 835 2159 excluduntur,
898 2114 940 2155 Is
983 2112 1057 2169 qui
1098 2112 1305 2168 loquitur,
1348 2111 1553 2155 mulieres
1596 2115 1748 2155 monet
1786 2126 1843 2155 ne
1883 2112 1938 2155 de
1968 2111 2032 2155 fe-

338 2184 499 2227 nestris
520 2198 637 2227 neve
661 2184 714 2227 de
736 2183 865 2226 tectis
890 2183 1045 2226 cistam
1067 2182 1303 2239 mysticam
1326 2182 1574 2239 despiciant
1606 2196 1722 2226 neve
1749 2183 2029 2226 collustrent:

337 2268 485 2311 neque
524 2254 641 2297 enim
680 2254 886 2311 cuiquam
924 2254 1058 2297 licere
1097 2268 1222 2296 sacra
1259 2253 1421 2296 intueri
1458 2267 1606 2310 neque
1643 2253 1848 2310 puellulis
1885 2268 2033 2310 neque

338 2325 592 2368 mulieribus
616 2339 762 2381 neque
784 2324 1031 2380 virginibus
1055 2339 1169 2381 quae
1203 2323 1346 2367 crines
1378 2323 1422 2365 in
1454 2324 1661 2366 humeros
1694 2324 1942 2376 demittant,
1975 2338 2033 2367 ne

337 2396 422 2438 hoc
455 2395 632 2452 quidem
656 2395 725 2438 die
749 2410 834 2452 quo
859 2409 1013 2438 omnes
1034 2395 1211 2438 ieiunae
1234 2409 1282 2438 os
1310 2394 1479 2437 aridum
1510 2394 1763 2449 habeant2).
1816 2395 2031 2447 „Quando

337 2466 509 2522 Vesper
530 2466 723 2509 lucebit?
758 2467 956 2522 Vespere
980 2466 1097 2509 enim
1120 2466 1298 2508 demum
1321 2465 1456 2509 Ceres
1488 2465 1625 2508 filiam
1658 2479 1876 2522 quaerens
1907 2465 2030 2507 bibit.

338 2537 423 2579 Ter
446 2551 599 2580 omnes
622 2537 784 2580 fluvios
806 2541 1087 2592 transgressa
1113 2540 1193 2589 est,
1227 2540 1294 2579 ter
1327 2537 1383 2579 ad
1413 2535 1585 2579 fontem
1618 2536 1878 2579 eleusinium
1903 2535 2031 2579 Calli-

339 2607 521 2649 chorum
574 2608 791 2664 pervenit,
846 2621 994 2664 neque
1034 2610 1187 2650 tamen
1235 2606 1323 2650 edit
1371 2610 1447 2649 aut
1494 2606 1605 2649 bibit
1649 2609 1726 2649 aut
1776 2607 1899 2649 lauta
1950 2609 2030 2653 est,

337 2677 395 2719 At
427 2681 625 2734 praestat
658 2693 709 2722 ea
740 2678 929 2722 reticere
962 2692 1078 2735 quae
1111 2677 1262 2721 Cereri
1298 2677 1502 2720 lacrimas
1540 2680 1795 2730 moverunt;
1835 2680 2033 2734 praestat

456 2808 481 2854 ¹)
509 2809 562 2843 De
592 2809 659 2844 hoc
691 2810 849 2844 carmine
881 2809 984 2843 modo
1017 2809 1222 2852 disputavit
1247 2807 1439 2843 Udalricus
1472 2808 1514 2842 de
1540 2807 2032 2842 Wilamowitz-Mollendorff

336 2867 373 2900 in
399 2870 578 2910 prooemio
604 2869 901 2911 interpretationi
927 2868 1158 2912 germanicae
1183 2867 1390 2910 praeposito
1422 2866 1558 2911 (Reden
1581 2877 1614 2900 u,
1633 2867 1832 2911 Vortrage³
1851 2865 2031 2911 271sqq.)‚

337 2927 480 2970 egregie
499 2927 636 2970 utique,
664 2928 725 2962 sed
751 2930 793 2961 ut
819 2927 860 2961 de
882 2927 1098 2970 discrimine,
1127 2926 1220 2969 quod
1246 2927 1344 2960 inter
1368 2925 1463 2960 hunc
1487 2925 1661 2968 hymnum
1687 2929 1724 2960 et
1748 2925 1905 2968 reliquos
1931 2925 2030 2968 duos,

338 2995 427 3026 quos
453 2984 538 3028 dixi,
566 2985 780 3029 intercedat,
807 2986 926 3019 minus
952 2989 1050 3019 recte
1075 2985 1236 3019 iudicare
1262 2985 1440 3019 videatur.

454 3042 482 3088 2)
511 3043 725 3078 Callimachi
750 3054 875 3079 versus
902 3045 1028 3090 paucis
1055 3043 1323 3089 comprehendo,
1350 3053 1421 3078 non
1446 3044 1675 3089 interpretor.
