2180 3482
527 247 581 282 De
606 258 663 282 vv.
684 247 878 282 100-104.
930 248 983 282 De
1008 250 1176 292 pericopa
1203 252 1364 284 extrema
1736 252 1790 292 77

105 367 263 397 cumen
296 367 348 396 ea
377 366 426 395 re
459 352 723 404 continetur,
772 353 891 408 quod
932 367 1109 396 carmen
1144 368 1167 396 e
1200 356 1320 397 certa
1352 355 1541 410 quadam
1573 354 1715 397 forma
1746 354 1791 396 in

104 423 232 467 aliam
272 437 450 479 prorsus
482 422 701 465 diversam
742 422 952 468 deflectit.
1016 424 1168 479 Usque
1207 425 1352 466 adhuc
1392 425 1548 481 aliquis
1592 439 1614 467 e
1654 425 1790 480 Cyre-

103 508 316 537 naeorum
354 493 483 549 plebe
520 493 695 535 locutus
735 497 842 545 erat,
882 493 984 536 inde
1023 494 1077 535 ab
1110 495 1194 536 hoc
1225 495 1321 537 loco
1356 495 1450 550 ipse
1483 495 1790 538 Callimachus.

104 565 257 621 Usque
295 564 439 606 adhuc
477 578 640 606 novam
680 566 834 615 artem,
878 578 966 619 qua
1003 564 1196 606 narratio
1230 565 1450 607 actionem
1484 566 1790 618 aemularetur,

104 634 250 677 mirati
282 648 452 686 sumus;
487 648 607 676 nunc
634 637 767 689 poeta
798 634 1012 690 Apollinis
1045 634 1216 677 facinus
1250 635 1424 691 insigne
1456 635 1518 677 ita
1548 638 1710 687 narrat,
1744 639 1792 677 ut

103 706 369 760 hymnorum
387 703 708 746 homericorum
733 704 858 747 aoedi
886 706 1042 757 solent,
1067 708 1107 747 et
1134 720 1313 748 carmen
1337 706 1489 748 eadem
1508 705 1793 748 invocatione

105 774 327 817 concludit
368 789 456 830 qua
495 774 571 817 illi:
613 782 761 831 χαῖρε;
803 775 934 818 etiam
969 775 1050 817 sibi
1088 776 1133 817 in
1171 776 1266 832 ipso
1301 776 1422 819 exitu
1456 776 1621 832 aliquid
1653 791 1678 818 a
1710 777 1792 818 deo

105 847 312 902 precatur
343 848 391 886 ut
423 845 499 887 illi:
535 846 655 888 velut
692 846 877 888 Veneris
909 847 1102 901 hymnus
1136 846 1180 888 in
1212 861 1345 889 voces
1380 846 1471 889 exit
1502 846 1620 903 χαῖρ’
1653 847 1791 890 ἑλικο-

103 916 301 972 βλέφαρε
324 917 648 970 γλυκυμείλιχε,
683 918 758 969 δὸς
785 916 822 958 δ’
850 919 898 959 ἐν
932 920 1073 972 ἀγῶνι
1106 921 1236 973 νίκην
1268 918 1381 973 τῷδε
1415 919 1646 973 φέρεσθαι,
1681 919 1794 973 ἐμὴν

105 987 143 1028 δ’
165 987 354 1028 ἔντυνον
387 988 557 1042 ἀοιδήν,
591 987 784 1041 hymnus
809 986 981 1029 Cereris
1015 987 1293 1029 concluditur
1326 986 1422 1030 ἀλλ’
1446 989 1514 1043 ἄγ’
1537 987 1794 1040 Ἐλευσῖνος

104 1057 328 1112 θυοέσσης
373 1058 515 1113 δῆμον
560 1058 741 1111 ἔχουσαι
776 1090 782 1098 .
820 1094 828 1102 .
864 1090 887 1108 .,
932 1059 1096 1099 πότνια
1136 1058 1388 1113 ἀγλαόδωρ’
1421 1059 1642 1113 ὡρηφόρε,
1688 1057 1799 1113 Δηοῖ

104 1129 293 1178 ἄνασσα,
327 1130 437 1182 αὐτη
471 1130 543 1169 καὶ
576 1130 714 1183 κούρη
745 1128 1018 1183 περικαλλὴς
1049 1129 1373 1183 Περσεφόνεια,
1407 1130 1664 1184 πρόφρονες
1701 1127 1794 1170 ἀντ’

106 1199 223 1254 ᾠδῆς
255 1200 406 1253 βίοτον
437 1200 629 1254 θυμήρε’
663 1200 863 1251 ὀπάζειν.
919 1197 1011 1239 Nisi
1044 1199 1163 1254 quod
1195 1198 1418 1241 invocatio
1455 1212 1505 1241 eo
1538 1198 1718 1240 nomine
1751 1201 1796 1241 et

106 1267 338 1323 singularis
361 1270 405 1310 et
426 1267 573 1311 faceta
596 1271 675 1323 est,
710 1269 828 1324 quod
852 1268 1146 1311 Callimachus
1169 1269 1404 1325 profitetur
1427 1283 1473 1311 se
1495 1283 1586 1311 non
1612 1270 1793 1324 rhapso—

106 1338 209 1380 dum
256 1352 366 1390 esse,
415 1338 489 1394 qui
522 1338 752 1382 victoriam
785 1338 829 1380 in
863 1339 1105 1382 certamine
1138 1339 1311 1395 vulgari
1349 1340 1419 1382 vel
1453 1339 1585 1382 etiam
1627 1339 1793 1382 victum

104 1412 285 1451 tenuem
333 1408 623 1452 cottidianum
656 1424 681 1452 a
713 1409 778 1451 dis
816 1409 970 1464 hymni
1010 1410 1135 1465 quasi
1183 1411 1434 1452 mercedem
1481 1412 1667 1465 repetat,
1717 1410 1795 1452 sed

106 1482 282 1536 poetam
325 1479 647 1522 nobilissimum
688 1480 771 1535 ipsi
812 1480 1005 1536 Apollini
1047 1495 1209 1531 carum,
1252 1480 1327 1536 qui
1367 1481 1499 1523 deum
1537 1480 1645 1521 nihil
1677 1480 1794 1522 aliud

106 1549 292 1605 flagitet,
326 1550 411 1591 nisi
433 1553 481 1592 ut
514 1550 680 1592 iudices
713 1550 905 1594 malivoli
939 1552 1094 1594 eodem
1127 1551 1290 1593 abeant
1322 1566 1409 1607 quo
1432 1550 1588 1606 Apollo
1622 1551 1793 1594 obtrec-

105 1623 298 1663 tatorum
319 1620 533 1663 invidiam
557 1621 677 1663 calce
703 1635 958 1677 percussam
982 1621 1067 1663 iam
1090 1621 1271 1673 miserit,
1305 1621 1349 1662 in
1372 1622 1531 1663 malam
1553 1635 1657 1664 rem.
1707 1621 1796 1664 Iter
1829 1609 1837 1617 ’

106 1704 132 1733 a
161 1690 316 1743 forma,
350 1694 399 1733 ut
421 1691 482 1733 ita
505 1691 716 1743 dicamus,
750 1692 992 1734 dramatica
1019 1692 1075 1734 ad
1100 1691 1368 1735 homericam
1401 1691 1682 1735 cavillatione
1714 1691 1796 1734 sibi

105 1761 260 1803 munit.

223 1832 370 1884 Quare
411 1847 518 1876 vero
560 1832 605 1874 in
651 1832 773 1875 exitu
813 1833 1019 1875 carminis
1060 1832 1247 1875 formam
1289 1833 1557 1876 homericam
1600 1837 1795 1877 sectatus

106 1902 174 1955 sit,
207 1903 294 1945 iam
327 1903 509 1945 dubium
548 1917 644 1946 esse
675 1918 767 1946 non
799 1906 959 1960 potest.
1024 1903 1192 1958 Hymni
1225 1903 1343 1946 enim
1374 1904 1420 1946 in
1451 1904 1641 1947 Dianam
1675 1908 1719 1948 et
1750 1905 1794 1946 in

105 1973 266 2016 Delum
304 1976 347 2016 et
385 1973 654 2016 homericam
688 1974 732 2015 in
764 1974 1023 2017 universum
1054 1973 1242 2016 formam
1272 1975 1491 2030 praebent
1524 1978 1567 2018 et
1598 1975 1796 2017 formulis

104 2043 338 2086 homericis
361 2045 708 2097 concluduntur,
742 2044 815 2087 hic
837 2044 954 2088 enim
981 2044 1042 2086 ita
1069 2044 1178 2087 exit:
1215 2049 1331 2100 ἱστίη
1364 2047 1399 2088 ὦ
1432 2049 1584 2101 νήσων
1617 2048 1795 2099 εὐέστιε,

105 2120 230 2171 χαῖρε
261 2117 345 2168 μὲν
378 2118 504 2170 αὕτη,
544 2118 692 2172 χαίροι
731 2115 767 2158 ‹5’
800 2116 1031 2158 Ἀπόλλων
1069 2131 1114 2158 τε
1153 2118 1226 2158 καὶ
1260 2120 1316 2171 ἢν
1348 2117 1611 2170 ἐλοχεύσατο
1642 2118 1794 2173 Λητώ;

105 2185 298 2239 hymnus
329 2184 375 2227 in
396 2185 588 2228 Dianam
610 2185 690 2228 ita:
724 2192 851 2243 χαῖρε
882 2188 995 2242 μέγα
1027 2190 1235 2243 κρείουσα
1268 2190 1343 2229 καὶ
1376 2190 1621 2243 εὐάντησον
1654 2189 1794 2245 ἀοιδῇ.

107 2254 222 2307 Quid
255 2255 372 2298 aliud
406 2259 472 2298 est
505 2256 688 2298 carmini
720 2256 872 2300 favere
897 2256 982 2298 nisi
1005 2257 1059 2298 ab
1083 2257 1238 2299 eodem
1262 2257 1436 2312 nigrum
1459 2257 1658 2300 Invidiae
1690 2258 1796 2300 den-

105 2327 196 2368 tem
226 2326 486 2370 removere‘?
548 2326 620 2378 At,
659 2326 743 2369 nisi
774 2326 930 2382 hymni
963 2326 1007 2368 in
1038 2326 1288 2383 Apollinem
1328 2327 1473 2370 exitus
1511 2329 1595 2370 hac
1626 2328 1797 2371 ratione

107 2395 407 2439 conformatus
447 2400 579 2449 esset,
622 2398 743 2440 nulla
781 2397 962 2439 omnino
1002 2397 1239 2440 similitudo
1278 2397 1338 2439 illi
1378 2412 1477 2440 cum
1509 2398 1687 2453 hymnis
1719 2399 1796 2441 ho-

105 2466 279 2509 mericis
316 2467 604 2510 interfuisset.
672 2467 836 2511 Dedita
881 2482 985 2523 ergo
1029 2481 1165 2523 opera
1209 2467 1505 2511 Callimachus
1555 2468 1706 2512 effecit
1747 2471 1796 2511 ut

105 2537 259 2592 hymni
302 2537 347 2579 in
381 2538 631 2594 Apollinem
674 2553 777 2594 pars
821 2542 1021 2582 extrema
1058 2539 1282 2581 homerica
1320 2540 1539 2595 quaedam
1573 2540 1795 2583 evaderet.

224 2608 380 2651 Restat
424 2612 473 2650 ut
518 2623 796 2665 quaeramus,
848 2623 985 2665 quare
1032 2609 1075 2650 id
1123 2608 1321 2652 facinore
1363 2609 1541 2665 egregio
1583 2609 1796 2666 Apollinis

107 2691 211 2733 erga
256 2692 303 2721 se
346 2683 525 2722 narrato
570 2678 745 2731 fecerit,
788 2694 898 2732 non,
942 2682 991 2721 ut
1031 2679 1076 2721 in
1118 2679 1303 2735 proclivi
1345 2683 1458 2732 erat,
1501 2679 1696 2722 carmine
1736 2679 1798 2721 ita

106 2748 341 2792 terminato
374 2753 423 2791 ut
454 2750 633 2805 hymnis
656 2750 700 2791 in
722 2750 951 2793 Minervae
982 2751 1161 2793 lavacra
1194 2753 1239 2792 et
1270 2749 1314 2791 in
1338 2750 1559 2802 Cererem,
1594 2749 1667 2805 qui
1690 2749 1796 2792 item

105 2816 199 2861 fere
232 2819 494 2862 conformati
529 2824 646 2873 sunt,
683 2820 755 2863 dei
786 2820 1033 2876 praesentis
1066 2820 1377 2863 invocatione?
1440 2821 1537 2862 Hoc
1570 2834 1678 2863 sane
1710 2820 1796 2863 dis-

107 2888 273 2932 crimen
310 2889 426 2933 inter
468 2890 564 2933 illos
607 2892 797 2946 hymnos
843 2894 887 2934 et
924 2891 1140 2946 hymnum
1178 2890 1224 2932 in
1260 2890 1509 2947 Apollinem
1547 2890 1795 2944 intercedit,

108 2960 225 3014 quod
261 2959 348 3002 illic
380 2961 488 3003 deus
521 2961 765 3003 carminum
802 2962 979 3004 demum
1013 2960 1134 3003 exitu
1167 2960 1378 3016 prodisse,
1417 2960 1489 3003 hic
1520 2961 1607 3004 iam
1638 2961 1741 3004 inde
1773 2976 1799 3004 a

108 3044 148 3072 v.
186 3032 236 3072 16
278 3031 433 3074 adesse
481 3031 685 3074 creditur.
765 3032 853 3074 Sed
901 3031 1005 3087 quid
1053 3032 1259 3074 obstabat
1300 3032 1535 3088 quominus
1576 3034 1710 3088 poeta
1750 3046 1798 3075 se
