2180 3482
405 251 551 286 Nullum
577 252 766 286 arcadicae
792 252 942 296 originis
969 254 1163 296 vestigium
1188 255 1225 286 in
1251 253 1305 287 his
1331 254 1462 288 fabulis
1487 255 1603 288 inesse
1772 256 1849 294 135

163 356 561 413 peloponnesi-acac
594 370 649 399 ex
685 357 837 399 iisdem
870 357 1030 399 fabulis
1062 358 1210 400 omnia
1244 358 1326 400 iam
1361 359 1547 413 vestigia
1586 358 1848 402 evanuisse?

159 428 215 469 At
250 442 479 483 nunquam
510 426 704 469 fuerunt.
754 427 952 469 Maltenii
974 427 1109 482 igitur
1131 428 1277 483 opinio
1302 430 1385 471 hoc
1409 429 1535 471 nobis
1559 429 1737 471 nomine
1760 443 1849 469 non

162 498 408 540 verisimilis
435 497 623 549 videtur,
659 498 777 553 quod
800 512 890 539 non
914 497 1166 540 verisimilia
1196 512 1250 540 ex
1287 499 1355 540 illa
1388 502 1700 541 consecuntur.
1758 499 1849 540 Iam

160 571 336 624 tempus
370 571 435 610 est
467 567 706 624 inquirere,
751 568 911 623 quibus
945 568 1216 623 argumentis
1256 569 1394 611 fretus
1427 583 1524 611 eam
1558 568 1848 624 proposuerit.

279 638 521 681 Contendit
555 638 670 680 enim
706 643 763 694 (p.
796 641 998 694 il4sqq.)
1029 639 1248 690 Guneuiu,
1283 640 1538 690 Prothoum,
1572 639 1849 694 Eurypylum

160 723 183 752 e
223 708 449 751 Thessalia
490 708 535 750 in
567 708 814 758 Arcadiam,
857 709 1138 764 Euphemum
1181 723 1204 751 e
1237 709 1463 752 Thessalia
1505 709 1560 751 ad
1601 710 1849 751 Taenarum

161 780 399 822 translatos
432 793 542 831 esse,
576 779 678 822 inde
712 780 888 822 demum
922 783 969 821 ut
1002 779 1120 835 ipsos
1144 780 1205 822 ita
1226 780 1414 835 populos
1443 779 1517 835 qui
1551 793 1626 821 eos
1653 779 1852 821 colerent

160 849 202 891 in
238 849 423 905 Libyam
456 850 683 904 migrasse.

276 920 335 962 At
379 920 520 963 Gunei
578 923 622 963 et.
672 920 851 963 Prothoi
903 921 1030 963 sedes
1076 920 1301 962 arcadicas
1356 919 1625 962 recentiores
1677 922 1849 961 tantum

160 991 398 1047 scriptores
444 994 487 1034 et
532 1006 720 1047 quorum
765 1005 855 1033 non
900 990 961 1033 ita
1009 1005 1173 1046 magna
1224 990 1278 1031 sit
1330 989 1569 1031 auctoritas
1617 992 1850 1032 testantur.

160 1061 317 1117 Neque
356 1062 597 1103 Pausanias
641 1062 760 1112 (VIII
789 1063 852 1112 14,
879 1063 924 1113 2;
972 1075 1075 1102 nam
1113 1060 1407 1115 Apollodorus
1445 1060 1499 1102 (le
1538 1060 1680 1115 patria
1715 1062 1850 1111 tacet)

158 1131 303 1187 ipsum
336 1132 541 1174 Guneum
574 1132 848 1174 Pheneatam
881 1131 958 1173 sed
992 1131 1247 1173 Laonomen
1280 1130 1616 1186 Amphitryonis
1648 1132 1848 1181 matrem,

162 1201 306 1244 Gunei
361 1202 509 1253 filiam,
560 1202 832 1243 Pheneatam
887 1200 1005 1242 dicit.
1068 1200 1216 1256 Atque
1264 1200 1368 1242 licet
1416 1200 1629 1255 suspicari
1684 1214 1781 1242 eam
1828 1214 1853 1241 a

160 1272 399 1314 Pheneatis
433 1286 485 1315 ea
517 1274 691 1314 tantum
725 1272 778 1314 de
811 1286 945 1313 causa
978 1285 1001 1313 e
1024 1270 1251 1313 Thessalia
1286 1271 1329 1312 in
1364 1271 1517 1313 urbem
1551 1285 1675 1312 suam
1708 1273 1851 1312 trans-

158 1342 291 1384 latam
331 1356 441 1394 esse,
482 1346 531 1384 ut
570 1342 651 1384 sibi
690 1342 735 1383 in
768 1342 1005 1384 Herculem
1040 1341 1318 1397 cognationis
1350 1341 1446 1383 iura
1478 1341 1770 1392 vindicarent,
1810 1340 1853 1382 id

160 1427 265 1456 vero
306 1413 478 1466 fecisse,
528 1428 615 1469 quo
660 1412 832 1454 facilius
872 1412 1147 1468 explicarent
1186 1426 1323 1468 quare
1363 1411 1435 1454 hic
1473 1411 1745 1454 nobilissima
1781 1410 1854 1452 illa

161 1485 374 1540 βάραθρα
417 1487 632 1527 cavasset.
706 1484 767 1526 Ut
809 1484 996 1525 eandem
1038 1482 1165 1525 aliter
1205 1497 1297 1525 rem
1339 1482 1574 1538 proferam,
1616 1481 1853 1525 verisimile

160 1553 336 1597 videtur
368 1555 507 1610 primo
541 1554 849 1596 barathrorum
880 1558 1023 1596 αἴτιον
1051 1553 1203 1609 quaeri
1227 1556 1271 1596 et
1308 1553 1477 1594 narrari
1515 1555 1723 1608 coeptum
1756 1566 1853 1594 esse

160 1639 298 1666 unum
341 1625 584 1667 semideum
625 1624 871 1667 incredibili
914 1624 1071 1667 robore
1118 1624 1191 1665 illa
1230 1623 1409 1676 fecisse,
1452 1623 1709 1676 Herculem3
1757 1608 1853 1664 tum

161 1695 338 1737 demum
361 1695 566 1738 Herculis
589 1695 747 1747 aviam,
783 1695 1030 1751 putativam
1054 1695 1170 1737 illam
1193 1694 1384 1750 quidem,
1416 1695 1644 1737 Pheneum
1667 1694 1851 1735 transla-

158 1883 239 1907 cum
264 1874 407 1908 nomine
434 1874 672 1907 coniunxisse.
724 1873 775 1906 At
799 1872 923 1907 urbem
950 1872 1060 1906 simili
1086 1873 1229 1906 nomine
1257 1871 1301 1906 ad
1328 1873 1445 1905 sinum
1473 1871 1665 1904 Maliacum
1698 1870 1807 1904 fuisse
1834 1880 1852 1903 e

158 1932 378 1966 Callimacho
415 1932 676 1974 concludimus,
713 1932 775 1974 qui
809 1931 841 1965 h.
869 1931 919 1966 IV
947 1931 1014 1965 287
1056 1934 1184 1964 narra-t
1217 1930 1530 1973 Hyperboreorum
1565 1939 1669 1963 sacra
1706 1929 1853 1962 Dodona

158 1992 332 2036 δεύτερον
359 1991 481 2036 Ἱερὸν
513 1992 605 2025 ἄστυ
637 1993 701 2024 καὶ
734 1991 847 2035 οὔρεα
884 1990 1061 2034 ΒΙηλίὸος
1093 1991 1178 2033 αἴης
1208 1990 1366 2031 venisse3
1401 1990 1483 2033 ἱρὸν
1515 1988 1607 2022 ἄστυ
1642 1989 1780 2030 pariter
1812 1987 1853 2020 de

161 2050 243 2094 Ἱρά
269 2060 311 2083 ac
337 2049 380 2083 de
406 2049 510 2094 Ἶρος
537 2050 742 2091 detorqueri
769 2050 900 2092 potuit.
953 2048 1085 2083 Urbem
1111 2048 1156 2082 ad
1183 2049 1300 2082 sinum
1326 2047 1523 2081 Maliacum
1556 2047 1593 2079 in
1618 2046 1685 2080 hac
1711 2056 1852 2079 enume-

158 2110 300 2142 ratione
326 2110 364 2142 in
390 2109 579 2143 Trachinis
606 2109 741 2143 vicinia
766 2108 861 2142 ultro
889 2110 1150 2151 exspectamus,
1192 2108 1362 2149 quoniam
1388 2106 1578 2151 Αἰγώνεια
1605 2107 1677 2139 iam
1703 2114 1852 2139 comme-

158 2171 300 2202 morata
327 2171 392 2202 est.
444 2168 512 2202 Sed
538 2167 623 2209 quid
648 2167 729 2201 urbi
755 2169 831 2201 sive
857 2166 1053 2209 phthiotidi
1079 2169 1154 2201 sive
1179 2165 1346 2200 maliensi
1381 2175 1460 2199 cum
1487 2164 1677 2199 Thessalia
1711 2166 1853 2206 septen-

157 2226 306 2261 trionali
338 2227 556 2261 intercedit?
606 2227 728 2261 Etiam
759 2226 795 2260 id
826 2226 1089 2260 incommodum
1122 2225 1260 2259 Maassii
1293 2225 1453 2268 opinioni
1486 2224 1637 2267 accedit,
1664 2222 1756 2264 quod
1783 2232 1853 2255 non

157 2285 386 2330 intellegitur
419 2296 530 2327 quare
565 2285 730 2329 singulae
765 2285 871 2320 urbes
907 2295 924 2319 e
959 2285 1109 2319 Prothoi
1144 2287 1181 2318 et
1208 2283 1384 2326 Eurypyli
1419 2284 1550 2327 regnis,
1583 2292 1601 2315 e
1629 2282 1744 2315 Gunei
1775 2285 1852 2315 tam

158 2344 296 2378 multae
322 2345 531 2379 nominatae
557 2345 641 2378 sint.
693 2344 812 2386 Quare
837 2347 1003 2387 praestat
1029 2343 1129 2377 illam
1154 2353 1300 2386 prorsus
1332 2343 1483 2383 abicere,
1518 2341 1660 2375 credere
1686 2340 1853 2374 Gonnum

158 2402 385 2437 Phalannam
399 2403 611 2438 Olossonam
625 2402 742 2437 Gunei
762 2403 884 2445 fuisse,
907 2403 1126 2436 Castaneam
1141 2401 1315 2435 Echinum
1327 2400 1477 2434 Prothoi
1497 2400 1691 2443 Magnetis,
1712 2399 1753 2432 de
1771 2398 1852 2432 reli-

158 2463 237 2504 quis
255 2462 403 2496 urbibus
422 2462 595 2496 iudicium
614 2462 788 2502 cohibere,
808 2472 891 2495 nam
909 2462 1047 2504 pariter
1061 2460 1239 2503 Eurypyli
1257 2463 1366 2501 atque
1381 2459 1531 2493 Prothoi
1549 2468 1626 2493 esse
1644 2460 1849 2501 potuerunt.

157 2520 356 2555 Prothoum
380 2522 475 2555 enim
500 2520 723 2554 Phthiotidis
748 2524 890 2563 partem
920 2520 1120 2562 possedisse
1139 2510 1223 2552 ¹iam
1251 2519 1503 2561 comperimus:
1532 2516 1757 2559 Eurypylum
1782 2516 1852 2558 Ty-

157 2579 295 2622 phresti
308 2590 431 2623 regem
445 2579 534 2613 dicit
546 2579 768 2622 Lycophron,
784 2589 888 2620 quem
903 2582 1061 2612 montem
1073 2578 1202 2612 Strabo
1215 2577 1388 2619 Dolopiae
1402 2577 1447 2621 (p.
1458 2576 1539 2620 433)
1549 2576 1741 2617 adsignare
1755 2574 1852 2609 vide-

157 2642 218 2672 tur
233 2638 309 2682 (τῆς
321 2638 496 2684 ’‘01992203
510 2640 620 2683 ὄρους
634 2640 726 2683 πρὸς
740 2639 877 2683 ἄρκτου
891 2640 1070 2682 κειμένου
1086 2640 1127 2681 τῇ
1146 2637 1343 2678 Φθιώτιδι,
1362 2637 1503 2681 ὁμόρου
1523 2636 1558 2669 δὲ
1576 2639 1623 2678 τῷ
1645 2634 1851 2678 Τυφρηστῴ

158 2699 222 2731 καὶ
242 2702 319 2739 τοῖς
339 2697 539 2742 Δόλοψιν),
561 2697 765 2740 Stephanus
782 2697 1016 2738 Trachiniae3
1034 2699 1187 2737 uterque
1205 2706 1268 2729 rex
1286 2695 1391 2729 facile
1411 2696 1448 2728 in
1461 2693 1631 2728 Malidem
1646 2691 1852 2735 transgredi

159 2758 291 2800 potuit.
343 2757 457 2799 Quam
483 2758 666 2801 regionem
692 2756 904 2800 Lycophron
936 2755 1102 2797 voluerit,
1130 2765 1211 2788 cum
1236 2754 1461 2797 Eurypylum
1487 2754 1674 2795 δυνάστην
1699 2754 1763 2784 τοῦ
1790 2764 1853 2784 πε-

158 2816 366 2861 τρωθέντος
393 2816 515 2850 λύκου
541 2816 823 2861 ἀποινοόόρπου
850 2814 1062 2858 appellaret,
1091 2813 1255 2856 equidem
1280 2814 1424 2857 ignoro:
1451 2823 1535 2846 nam
1561 2811 1653 2853 quod
1672 2811 1850 2852 Maassius,

158 2875 240 2909 inde
267 2875 360 2917 quod
385 2876 423 2909 in
449 2875 594 2910 scholiis
624 2875 750 2909 Thetis
777 2874 910 2908 dicitur
935 2873 1060 2916 lupum
1087 2883 1215 2906 saxum
1245 2872 1381 2913 fecisse,
1410 2871 1586 2905 conclusit
1605 2869 1852 2904 Phthiotidem

157 2933 439 2977 intellegendam
473 2944 560 2977 esse,
596 2934 723 2968 Thetis
757 2934 837 2977 ipsa
871 2934 1028 2976 migrare
1063 2932 1199 2974 potuit;
1236 2931 1328 2973 quod
1355 2930 1506 2973 Tiimpel
1544 2929 1648 2973 (PW.
1668 2929 1719 2964 VI
1747 2928 1851 2972 1348)

158 2991 318 3027 affirmat
349 2993 438 3035 Lyci
470 2992 675 3037 sepulcrum
707 2993 803 3027 inter
839 2991 1023 3026 Locridem
1057 2993 1094 3024 et
1125 2990 1319 3024 Phocidem
1349 2989 1470 3032 fuisse,
1512 2989 1631 3023 nescio
1673 2998 1741 3030 quo
1774 2989 1852 3022 iure

158 3062 221 3095 pro
251 3054 348 3086 certo
375 3054 496 3086 sumat
522 3051 745 3086 Antoninum
772 3050 976 3085 Liberalem
1002 3050 1239 3093 Eurytionem
1266 3059 1346 3083 cum
1373 3047 1556 3091 Eurypylo
1584 3047 1796 3082 confudisse.
