2180 3482
906 221 959 254 De
986 231 1017 254 v.
1040 219 1086 253 76
1789 220 1844 259 55

153 329 383 373 derivavit.
442 329 510 370 Fr.
541 329 622 369 140
655 328 773 382 ἀμφί
804 342 849 368 τε
882 326 1048 381 κεβλὴν
1081 326 1314 380 εἷργμένος
1347 325 1554 379 ἀγλίθων
1589 324 1724 366 οὖλον
1757 324 1846 377 ἔχει

155 403 379 456 στέφανον
428 397 652 451 „alliorum
697 396 872 439 mollem
917 399 1152 437 coi·onani“
1194 394 1484 436 intellexerim
1528 393 1673 449 potius
1713 407 1845 448 quam

155 470 478 526 complicatam,
521 468 662 519 velut,
711 469 760 508 ut
806 467 886 508 hos
920 465 1034 507 solos
1069 464 1259 520 exempli
1302 464 1444 517 gratia
1491 477 1844 514 commemorem,

151 538 409 597 Apollonius
456 538 586 581 lexici
634 536 845 579 homerici
898 538 991 587 124,
1030 538 1064 586 1,
1107 536 1176 576 Et.
1210 536 1265 576 M.
1300 537 1384 576 640
1437 536 1586 577 οὔλων
1634 537 1846 588 ταπήτων

152 613 197 654 Π
231 613 317 652 224
355 608 481 665 quasi
519 610 737 663 μαλακῶν
778 607 1143 662 interpretantur.
1209 606 1295 648 Sed
1335 620 1425 647 non
1465 604 1616 646 dubito
1657 603 1762 659 quin
1803 605 1847 645 et

154 682 337 724 densam
357 694 565 722 coronam
585 683 627 722 et
648 678 837 733 crispam
853 677 1111 731 intellegere
1127 677 1282 718 saltem
1298 676 1440 718 liceat.
1469 701 1518 704 m
1544 675 1716 729 Vesper
1732 674 1845 715 h.IV

152 767 192 795 v.
217 753 302 793 302
336 751 466 803 οὖλος
500 751 697 806 ἐθείραις
730 748 903 799 dicitur,
939 761 1053 803 quae
1086 747 1223 790 verba
1256 747 1310 788 ab
1342 744 1576 787 homericis
1602 743 1684 785 illis
1712 746 1847 796 οὔλας

151 824 230 878 ἧκε
262 824 416 875 κόμας,
451 822 705 876 ὑακινθίνῳ
739 820 870 862 ἄνθει
905 821 1063 872 ὁμοίας
1097 819 1120 870 ζ
1152 819 1230 858 231
1270 827 1306 868 ψ
1334 818 1428 866 158,
1462 817 1596 870 γυρὸς
1629 816 1678 856 ἐν
1713 817 1845 867 ὤμοι-

153 908 196 935 σι
227 893 532 948 μελανόχροος
566 892 871 946 οὐλοκάρηνος
903 888 1087 930 fluxisse
1120 901 1250 929 nemo
1291 889 1357 928 est
1396 885 1501 941 quin
1541 884 1708 937 videat3
1748 883 1846 926 reli-

153 977 286 1019 quom
319 965 386 1005 est
418 965 467 1004 ut
500 975 764 1017 quaeramus
798 959 1018 1015 quomodo
1053 957 1348 1000 Callimachus
1381 956 1453 997 illa
1486 954 1720 1011 acceperit.
1768 954 1846 996 At-

153 1047 240 1089 que
272 1047 411 1075 unum
445 1032 657 1087 spondeo,
691 1031 810 1072 illum
846 1043 1003 1073 vocem
1037 1030 1166 1081 οὖλος
1192 1042 1283 1069 non
1316 1027 1371 1068 ad
1395 1026 1585 1068 colorem
1610 1024 1845 1076 rettulisse,

153 1118 255 1145 nam
291 1102 619 1144 similitudinem
654 1116 754 1144 cum
787 1100 897 1142 flore
929 1098 1219 1154 hyacinthino
1254 1097 1379 1138 multi
1416 1096 1597 1138 fuerunt
1639 1095 1715 1151 qui
1746 1095 1848 1137 illuc

152 1177 354 1230 spectare
393 1172 694 1229 opinarentur,
744 1185 841 1214 eam
881 1183 1038 1214 vocem
1083 1183 1227 1220 nemo,
1278 1166 1491 1223 quidquid
1528 1166 1685 1209 Janius
1723 1165 1845 1208 dixit.

154 1244 428 1300 Complures,
478 1246 527 1285 ut
566 1242 827 1299 Apollonius
874 1241 1217 1296 lexicographus
1257 1242 1299 1282 et
1341 1238 1649 1293 Etymologus,
1696 1241 1848 1293 τρίχας

152 1317 543 1372 συνεστραμμένοις
575 1314 906 1357 intellexerunt.
965 1312 1053 1355 Sed
1084 1326 1174 1353 non
1208 1310 1355 1352 minus
1388 1312 1491 1365 apte
1524 1309 1568 1350 in
1600 1308 1695 1350 illos
1727 1308 1847 1350 locos

152 1400 308 1429 sensus
342 1385 475 1441 crispi
506 1385 577 1429 vel
617 1384 734 1427 cadit
772 1385 843 1428 vel
882 1384 1042 1426 cadere
1080 1381 1221 1425 videri
1259 1383 1452 1437 poterat:
1494 1380 1630 1432 οὔλας
1661 1381 1848 1434 χλαίνας

152 1456 307 1499 similia
346 1457 402 1508 (Ω
434 1458 537 1509 646;
573 1457 596 1498 ὁ
630 1458 698 1498 50.
733 1458 836 1506 299ς
871 1472 898 1511 η
930 1456 1034 1507 338;
1069 1471 1093 1496 κ
1124 1455 1230 1505 451;
1267 1469 1298 1508 φ
1330 1454 1405 1503 8:533
1438 1468 1460 1493 τ
1494 1452 1594 1501 225)
1639 1450 1846 1505 „crispas‚

151 1528 352 1570 lanosas“
388 1529 537 1570 vestes
569 1527 829 1581 intellegere
863 1527 1084 1581 poterant,
1119 1524 1258 1578 οὔλην
1290 1523 1464 1578 λάχνην
1487 1523 1537 1563 K
1558 1523 1639 1562 134
1672 1521 1846 1572 densos,

153 1598 320 1654 crispos
361 1597 498 1641 vestis
538 1597 661 1653 pilos
725 1595 911 1639 Accedit
950 1595 1069 1651 quod
1107 1593 1229 1637 vocis
1270 1595 1399 1646 οὖλος
1438 1593 1549 1634 haec
1587 1605 1676 1633 una
1714 1590 1847 1645 signia

151 1668 301 1711 ficatio
334 1683 426 1711 non
458 1668 636 1724 penitus
669 1666 888 1710 interiisse
920 1666 1114 1709 videtur:
1150 1663 1403 1706 testimonia
1436 1662 1541 1704 satis
1574 1664 1704 1704 sunto
1733 1674 1847 1717 quae

151 1739 305 1782 lexicis
338 1739 627 1795 praebentur:
662 1737 904 1793 Aethiopas
938 1736 1142 1791 Libycos,
1178 1734 1253 1791 qui
1286 1734 1484 1777 omnium
1516 1732 1744 1775 hominum
1778 1735 1848 1775 οὖ-

151 1813 341 1854 λότατον
384 1813 585 1866 τρίχωμα
630 1809 861 1859 haberent‚
914 1806 1208 1862 Aethiopibus
1248 1801 1534 1848 orientalibus
1580 1803 1847 1854 Herodotus,

154 1880 229 1938 qui
261 1882 489 1937 ἰθύτριχες
523 1882 672 1922 essent
699 1880 800 1933 (VII
828 1882 896 1930 70,
925 1880 978 1932 1),
1013 1868 1233 1933 opposuit.
1298 1875 1512 1917 Homines
1546 1888 1651 1917 vero
1684 1873 1848 1928 nigros,

152 1951 409 2007 Aethiopas,
439 1950 734 1994 Callimachus
762 1949 805 1991 in
830 1951 955 2005 parte
982 1948 1099 1990 orbis
1126 1950 1342 1990 terrarum
1366 1944 1629 1988 occidentali
1650 1943 1850 1986 habitare

153 2025 358 2065 noverat:
398 2022 440 2067 h.
477 2021 523 2063 in
556 2020 654 2064 Cer.
678 2037 719 2064 v.
746 2020 800 2063 10
839 2019 921 2062 ἔστ’
957 2021 1032 2062 ἐπὶ
1065 2019 1256 2072 ὁυθμείς,
1296 2016 1381 2059 ἔστ’
1417 2018 1489 2059 ε’πὶ
1529 2018 1615 2068 τὼς
1652 2016 1851 2069 μέλανας

154 2095 227 2136 καὶ
247 2096 336 2135 ὅπα
353 2094 407 2135 τὰ
424 2096 587 2149 χρύσεα
605 2093 740 2146 μᾶλα.
775 2091 897 2133 Idem
917 2093 1065 2132 autem
1083 2089 1281 2131 hocloco
1298 2086 1484 2143 Vesperi
1503 2086 1684 2142 capillos
1699 2100 1849 2128 eorum

155 2163 323 2220 capillis
347 2162 508 2205 similes
530 2161 676 2214 finxit,
701 2161 775 2218 qui
799 2162 880 2203 sub
904 2161 974 2203 illo
1000 2160 1142 2202 sidere
1164 2158 1429 2201 habitarent.
1462 2184 1512 2187 —
1547 2158 1654 2199 Tres
1677 2155 1763 2198 loci
1784 2169 1850 2198 re-

155 2237 287 2286 stant,
335 2233 411 2290 qui
447 2248 583 2275 unam
623 2233 900 2288 eandemque
938 2229 1353 2286 interpretationem
1391 2227 1642 2284 requirunt;
1687 2226 1851 2282 ubique

157 2305 274 2348 enim
308 2306 439 2357 οὖλος
472 2304 543 2348 vel
576 2304 631 2346 ad
664 2303 943 2346 saltationem
971 2302 1043 2345 vel
1075 2302 1130 2343 ad
1152 2301 1374 2343 incessum
1398 2298 1643 2341 saltationis
1666 2297 1851 2339 similem

157 2378 348 2431 spectat:
394 2376 479 2417 h.I
512 2390 552 2418 v.
578 2376 632 2416 52
673 2376 785 2417 οὖλα
819 2375 866 2416 ὂὲ
897 2374 1124 2429 Κούρητες
1165 2387 1210 2414 σε
1248 2372 1350 2427 περὶ
1389 2370 1554 2426 πρύλιν
1594 2371 1852 2425 ὠρχήσαντο

155 2450 311 2501 τεύχεα
345 2446 666 2501 πεπληγοντες,
701 2449 775 2488 ἵνα
808 2445 986 2500 Κρόνος
1020 2447 1179 2485 οὔασιν
1211 2444 1326 2496 ἠχὴν
1361 2441 1551 2494 ἀσπίδος
1585 2442 1745 2482 εἰσαΐοι
1777 2441 1851 2481 καὶ

156 2520 218 2573 μὴ
252 2519 325 2560 σέο
352 2518 656 2573 κουρίζοντος;
688 2516 729 2557 h.
754 2515 816 2557 III
849 2530 889 2558 v.
915 2516 1000 2555 246
1023 2518 1070 2556 αἳ
1093 2513 1140 2554 ὁὲ
1164 2513 1382 2554 πόδεσσιν
1405 2511 1515 2554 οὖλα
1542 2510 1851 2566 κατεκροτάλι-

158 2589 251 2641 ζον,
292 2590 556 2642 ἐπεψόφεον
601 2587 649 2629 ὁὲ
695 2587 930 2642 φαρέτραι;
982 2598 1050 2639 ep.
1080 2583 1119 2625 V
1153 2598 1193 2625 v.
1226 2585 1250 2623 5
1296 2581 1490 2623 nautilus
1535 2595 1582 2623 se
1627 2579 1853 2635 praedicat

158 2658 345 2714 pedibus
368 2671 448 2714 per
471 2657 669 2713 quietum
692 2670 813 2698 mare
838 2655 1071 2709 remigare,
1099 2655 1148 2695 ut
1170 2666 1332 2695 nornen
1356 2652 1419 2695 rei
1443 2667 1570 2693 suum
1593 2649 1850 2693 conveniat:

158 2730 379 2782 ναυτίλος,
428 2733 474 2781 ὃς
511 2729 778 2783 πελάγεσσιν
811 2727 1050 2776 ἐπέπλεον,
1093 2725 1247 2777 εἰμὲν
1291 2726 1440 2778 ἀῆται,
1484 2725 1631 2773 τείνας
1674 2723 1853 2763 οἰκείων

157 2801 322 2856 λαῖφος
354 2802 445 2842 ἀπὸ
475 2800 733 2855 προτόνων·
768 2801 807 2840 εἰ
830 2798 877 2839 ὁὲ
900 2797 1136 2851 Γαληναίη
1159 2795 1325 2850 λιπαρὴ
1349 2795 1471 2845 θεός,
1498 2793 1628 2844 οὖλος
1656 2793 1853 2847 ἐρέσσων

159 2873 290 2913 ποσσί
310 2886 395 2921 νιν,
422 2869 521 2912 ὥστ’
546 2872 662 2925 ἔργῳ
686 2873 883 2921 τοῦνομα
908 2868 1189 2922 συμφέρεται.
1243 2864 1398 2907 Janius
1435 2876 1624 2917 „magna
1656 2876 1756 2904 cum
1788 2860 1853 2901 in-

159 2940 374 2992 tentione,
429 2941 746 2983 vehementer“
792 2937 999 2994 explicat,
1050 2937 1166 2978 hanc
1207 2933 1580 2990 significationem
1623 2933 1678 2974 ab
1719 2932 1853 2973 inter-

163 3010 414 3067 pretatione
446 3010 559 3052 illius
591 3008 803 3052 homerici
837 3010 972 3052 οὖλον
1004 3008 1293 3062 κεκλήγοντες
1319 3007 1361 3048 Ρ
1380 3007 1475 3049 756.
1504 3006 1586 3047 759
1620 3004 1675 3046 de
1707 3001 1856 3046 avium
