2180 3482
373 252 453 292 106
1002 248 1056 282 De
1081 248 1215 283 fabulis
1241 250 1427 291 cyrenaeis

368 355 718 398 additamentum
741 368 766 396 a
790 353 1076 396 Cretensibus
1101 353 1405 409 excogitatum
1440 357 1519 406 est,
1553 367 1737 397 necesse
1770 356 1836 396 est
1867 353 2062 396 fabulam

368 425 507 481 ipsam
540 424 782 480 genuinam
814 423 952 466 fuisse
984 423 1273 467 vetustiorem
1291 424 1333 478 ¹).

484 495 685 537 Eandem
723 494 817 536 fere
854 493 1050 536 fabulam
1084 495 1306 537 Theraeos
1345 509 1549 537 narrasse
1588 497 1778 537 testatur
1810 495 2062 537 Herodotus

369 571 480 621 (cap.
510 568 628 619 154),
670 564 863 606 affirmat
896 564 1014 607 enim
1046 564 1142 607 illos
1175 579 1276 607 cum
1309 564 1643 620 Cyrenaeorum
1675 565 1928 607 narratione
1959 564 2063 606 inde

368 650 393 678 a
426 636 565 678 classe
598 650 698 678 cum
721 636 852 677 Batto
882 634 1082 690 Cyrenas
1115 634 1249 676 missa
1281 635 1460 677 omnino
1495 635 1760 678 consentire.
1794 635 2062 691 Discrepan-

366 706 456 749 tiae
495 720 599 749 vero
641 720 750 762 quas
789 708 1008 757 recenset,
1049 705 1104 747 ad
1137 705 1439 748 additamenta
1471 706 1690 760 quaedam
1724 705 1933 757 recentia,
1972 720 2064 748 non

368 777 423 819 ad
455 776 733 828 narrationis,
773 779 820 818 ut
854 775 916 818 ita
949 775 1160 827 dicamus,
1203 776 1384 831 pulpam
1421 776 1660 831 pertinent.
1725 776 1913 819 Theraei
1947 776 2064 819 enim

368 849 482 903 (cap.
512 849 686 902 loOsq.)
718 861 924 889 narrasse
957 847 1165 888 dicuntur
1193 845 1410 888 Grinnum
1432 846 1651 889 Aesaniae
1689 846 1843 899 filium,
1878 848 2062 898 Therae,

367 917 486 960 urbis
520 916 772 969 conditoris,
821 920 1045 972 nepotem,
1094 917 1264 959 insulae
1296 931 1461 972 regem,
1501 917 1699 973 Delphos
1732 917 1891 960 adiisse
1931 917 2064 960 comi-

366 987 565 1030 tantibus
599 1002 699 1030 cum
732 987 826 1030 aliis
864 991 959 1029 tum
991 988 1137 1039 Batto,
1178 987 1454 1042 Polymnesti
1492 987 1596 1038 filio,
1637 1002 1724 1030 uno
1759 1001 1782 1030 e
1814 987 2066 1043 Minyarum

368 1058 672 1114 nepotibus2):
722 1058 930 1113 Pythiam
962 1072 1068 1102 vero
1110 1058 1231 1099 illum
1273 1058 1511 1110 monuisse,
1560 1061 1609 1100 ut
1647 1058 1800 1101 urbem
1841 1058 1887 1100 in
1925 1058 2067 1113 Libya

370 1130 593 1172 conderet.
657 1130 772 1171 Eum
804 1129 1087 1185 respondisse
1118 1143 1280 1171 munus
1313 1129 1493 1184 gravius
1527 1143 1623 1171 esse
1657 1143 1789 1185 quam
1822 1132 1870 1171 ut
1903 1143 1928 1171 a
1960 1142 2066 1172 sene

368 1204 617 1255 gereretur3
652 1199 896 1242 iunioribus
926 1200 1034 1242 deus
1057 1199 1295 1256 imperaret
1318 1203 1366 1242 ut
1390 1200 1433 1241 id
1458 1199 1671 1252 facerent,
1700 1201 1971 1255 Battumque
2004 1199 2066 1241 di-

369 1269 461 1325 gito
511 1271 851 1314 demonstrasse.
921 1271 1145 1313 Theraeos
1194 1286 1298 1314 vero
1342 1272 1569 1313 oraculum
1611 1271 1750 1326 primo
1793 1270 2064 1325 neglexisse,

370 1355 469 1383 cum
510 1345 657 1384 autem
692 1345 863 1397 septem
897 1355 1038 1383 annos
1070 1341 1115 1382 in
1148 1341 1291 1384 insula
1323 1356 1415 1384 non
1449 1342 1645 1397 pluisset,
1688 1355 1880 1397 cumque
1913 1355 2065 1384 oracu-

370 1412 460 1453 lum
484 1413 537 1454 de
569 1412 774 1454 remediis
809 1412 1143 1454 consulentibus
1179 1413 1324 1455 denuo
1358 1412 1659 1468 respondisset
1692 1415 1740 1454 ut
1774 1411 1991 1454 coloniam
2022 1411 2067 1453 in

371 1482 558 1538 Libyam
591 1482 833 1535 mitterent,
870 1482 1047 1526 Cretam
1081 1484 1261 1525 tandem
1295 1483 1479 1534 misisse,
1515 1483 1590 1539 qui
1622 1483 1675 1525 de
1699 1482 1839 1537 Libya
1872 1481 2066 1524 sciscita-

369 1556 535 1596 rentur.
581 1553 696 1595 Istos
718 1567 823 1596 vero
847 1553 962 1596 Itani
985 1568 1085 1596 cum
1110 1553 1298 1596 Corobio
1322 1553 1543 1609 piscatore
1567 1567 1829 1608 congressos
1853 1567 1962 1605 esse,
1993 1552 2068 1608 qui

369 1623 471 1666 olim
505 1624 561 1666 ad
587 1623 775 1666 insulam
803 1625 1000 1667 Plateam
1035 1625 1153 1679 apud
1175 1624 1362 1679 Libyam
1396 1623 1542 1667 ventis
1574 1627 1728 1680 raptus
1756 1626 1884 1666 esset.
1934 1624 2068 1665 Hunc

368 1708 459 1736 non
481 1694 669 1737 invitum
694 1696 995 1751 exploratores
1028 1709 1119 1737 non
1152 1695 1314 1737 multos
1337 1696 1562 1738 Theraeos
1594 1694 1697 1737 illuc
1730 1694 1922 1736 duxisse.
1972 1694 2065 1736 Hos

370 1768 520 1807 autem
559 1765 704 1808 denuo
744 1766 923 1808 domum
956 1765 1180 1821 profectos
1224 1780 1320 1808 esse
1359 1769 1408 1807 ut
1440 1766 1588 1821 plures
1621 1767 1898 1807 arcesserent
1932 1764 2066 1807 Coro-

368 1835 440 1878 bio
473 1835 644 1889 relict0;
701 1850 833 1892 quem
886 1836 1114 1892 paullatim
1161 1835 1330 1879 victum
1378 1836 1570 1878 deficere
1620 1835 1832 1892 coepisse.
1896 1834 2068 1878 Samios

369 1909 531 1958 autem,
567 1906 642 1962 qui
674 1908 729 1949 ad
760 1907 1019 1963 Aegyptum
1051 1907 1318 1962 navigantes
1352 1907 1453 1949 illuc
1487 1907 1620 1949 delati
1654 1909 1816 1958 essent,
1852 1905 1891 1948 ei
1924 1905 2066 1962 opitu-

487 2106 513 2151 l)
541 2106 837 2149 Quandoquidem
874 2107 979 2141 Batti
1018 2107 1118 2151 origo
1160 2108 1333 2141 cretensis
1366 2117 1387 2140 a
1420 2106 1554 2140 colonis
1594 2105 1817 2140 cretensibus
1857 2106 2068 2149 excogitata

370 2168 434 2208 est,
467 2175 558 2209 nego
585 2165 802 2200 Maltenium
829 2166 874 2210 (p.
896 2166 964 2199 100
975 2166 1041 2210 sq.)
1074 2169 1172 2200 recte
1205 2165 1443 2209 contendisse,
1477 2166 1538 2206 qui
1564 2165 1811 2199 narrationem
1838 2174 2068 2207 cyrenensem

368 2225 608 2267 invenissent,
645 2225 826 2259 studuisse
861 2226 903 2259 de
935 2225 1192 2259 Battiadarum
1226 2224 1343 2268 gloria
1379 2224 1587 2266 detrahere,
1627 2234 1687 2258 eos
1722 2224 1818 2257 enim
1853 2233 2069 2266 eponymum

368 2282 466 2316 illius
492 2285 613 2327 gentis
639 2283 785 2318 balbum
811 2287 921 2326 atque
946 2283 1061 2318 filium
1087 2285 1248 2327 spurium
1275 2283 1432 2317 finxisse.
1483 2283 1543 2325 At,
1578 2286 1621 2316 ut
1647 2283 1837 2316 mittamus
1863 2282 2005 2325 spurios
2029 2281 2068 2314 in

368 2340 502 2376 fabulis
521 2346 617 2376 certe
635 2346 746 2384 atque
764 2344 801 2376 in
821 2343 1040 2376 carminibus
1057 2342 1247 2376 homericis
1265 2353 1336 2376 non
1354 2345 1500 2376 tantum
1526 2342 1728 2384 despicatui
1754 2341 1865 2375 fuisse
1891 2343 2068 2383 quantum

369 2401 568 2435 recentiore
594 2405 728 2444 aetate,
756 2402 933 2443 siquidem
959 2405 1076 2435 mater
1094 2402 1197 2435 Batti
1223 2401 1368 2435 tabulae
1395 2401 1521 2435 addita
1547 2404 1613 2443 est,
1641 2400 1748 2443 plane
1766 2400 1955 2442 nescimus,
1982 2409 2069 2432 num

370 2459 407 2492 in
433 2461 642 2494 narratione
668 2461 825 2503 pristina
843 2461 977 2495 Battus
996 2461 1140 2503 spurius
1166 2459 1286 2503 fuerit,
1314 2461 1426 2494 etiam
1452 2463 1576 2493 utrum
1602 2462 1772 2502 parentes
1799 2457 2069 2492 commemorati

369 2519 445 2552 sint
470 2529 516 2552 an
541 2518 602 2552 ille
629 2519 782 2561 quilibet
809 2519 851 2553 de
876 2519 1007 2563 populo
1042 2519 1162 2553 fuerit.
1213 2519 1267 2553 De
1293 2518 1440 2562 linguae
1467 2519 1558 2552 vitio
1584 2528 1665 2551 mox
1702 2517 1906 2560 disputabo.
1959 2516 2068 2558 Equi-

370 2576 449 2610 dem
482 2578 591 2612 timeo
628 2588 671 2612 ne
698 2578 896 2613 Maltenius
932 2579 1076 2621 saepius
1104 2579 1141 2611 in
1167 2578 1273 2612 rebus
1299 2577 1500 2619 offenderit,
1541 2587 1632 2618 quae
1670 2576 1735 2610 illa
1771 2579 1895 2610 aetate
1931 2574 2067 2609 nullius

371 2637 512 2670 omnino
539 2635 745 2670 offensionis
771 2637 916 2671 fuerint.

488 2694 515 2739 2)
541 2695 583 2728 In
609 2696 782 2729 Herodoti
813 2695 915 2730 libris
952 2697 1128 2738 scriptum
1160 2698 1283 2729 exst-at
1314 2694 1456 2736 Βάττος
1482 2697 1500 2728 ὁ
1527 2694 1824 2739 Πολυμνήστου,
1856 2693 1929 2726 ἐὼν
1960 2694 2068 2737 γένος

371 2753 603 2798 Εὐθυμίὸης
630 2758 702 2787 τῶν
726 2754 920 2788 Μινυέων.
970 2754 1156 2788 Paulmier
1182 2764 1244 2797 pro
1272 2753 1505 2798 Εὐθυμίὸης
1532 2752 1763 2797 Εὐφημίδης
1790 2752 1947 2794 scripsit,
1976 2760 2067 2793 quae

371 2814 544 2846 correctio
571 2823 790 2855 quamquam
817 2817 873 2848 est
897 2813 1116 2855 verisimilis,
1144 2813 1290 2846 minime
1317 2813 1522 2845 necessaria
1549 2815 1621 2852 est3
1662 2821 1776 2852 neque
1803 2811 1898 2843 enim
1924 2809 2067 2843 demon-

371 2873 528 2904 stratum
562 2874 618 2905 est
650 2872 874 2906 Herodotum
908 2871 1015 2914 plane
1050 2871 1199 2906 eandem
1232 2870 1377 2904 fabulae
1412 2871 1613 2904 versionem
1649 2872 1814 2903 secutum
1849 2878 1926 2902 esse
1958 2877 2067 2910 quam

371 2929 568 2963 Pindarum
594 2931 631 2963 in
657 2930 719 2965 IV.
769 2930 936 2974 Pythice,
964 2941 1078 2972 neque
1106 2931 1264 2964 omnium
1299 2930 1596 2973 Argonautarum
1630 2929 1777 2962 nomina
1811 2928 1987 2970 novimus,
2024 2930 2067 2960 ut

373 2990 514 3020 constet
539 2988 679 3022 nullum
704 2989 897 3034 Εὔθυμον
924 2999 1000 3023 esse
1027 2989 1263 3032 appellatum.
1301 2988 1370 3030 Qui
1395 2998 1490 3029 vero,
1517 2990 1558 3020 ut
1585 2987 1782 3021 Maltenius
1807 2997 1840 3029 p.
1864 2986 1941 3028 107,
1969 2984 2066 3019 affir—

372 3048 449 3078 mat
475 3045 696 3081 Herodotum
722 3048 867 3091 Minyas
892 3047 1070 3091 Euphemi
1095 3048 1305 3091 progeniem
1332 3046 1475 3090 dixisse,
1502 3047 1532 3080 is
1560 3046 1768 3080 coniectura
1793 3045 1934 3079 nititur.
