2180 3482
838 235 890 273 De
915 247 971 272 vv.
991 238 1129 272 55-64
1770 238 1825 280 35

139 345 194 388 ad
239 344 466 400 ingenium
512 343 580 386 dei
619 343 780 386 festine
818 346 1039 385 maturum
1080 342 1411 398 depingendum
1450 343 1655 398 pertinet,
1709 344 1826 399 quod

139 416 343 458 Phoebus
366 415 525 457 dicitur
546 414 687 470 prima
718 414 1010 456 fundamenta
1041 412 1277 456 aedificare
1310 412 1581 456 didicisse:
1617 413 1692 456 ὧδ’
1721 416 1825 468 ε”μα-

138 487 224 529 θεν
269 488 322 529 τὰ
373 491 530 542 πρῶτα
574 485 781 539 θεμείλια
828 485 987 540 Φοῖβος
1029 485 1228 540 ἐγείρειν.
1291 483 1446 538 Apollo
1495 498 1605 539 puer
1652 484 1827 527 divinae

138 556 296 599 indolis
328 556 520 598 ludendo
547 558 686 598 artem
713 555 854 607 discit,
889 554 1014 596 simul
1039 553 1223 606 invenit,
1258 568 1371 610 quae
1392 554 1643 597 hominibus
1664 569 1827 611 magno

138 627 237 669 usui
269 626 337 679 sit,
370 626 432 668 ita
463 629 510 668 ut
538 625 782 669 Mercurius
815 625 1027 667 citharam
1059 624 1246 667 iocando
1278 624 1519 667 fabricatus
1553 629 1631 668 est.
1662 652 1712 656 —
1741 627 1827 669 Ne-

139 711 225 754 que
264 711 368 739 casu
406 696 573 739 factum
613 700 678 739 est
718 700 766 739 ut
807 710 960 739 versus
999 695 1158 751 quibus
1196 694 1346 737 fabula
1384 698 1425 738 et
1460 695 1752 738 introducitur
1784 699 1828 739 et

139 767 429 819 concluditur,
464 770 520 809 58
553 770 596 810 et
629 770 695 822 64,
728 770 818 809 tam
851 769 1059 809 accurate
1091 766 1207 808 inter
1233 779 1280 808 se
1302 766 1621 821 respondeant3
1655 767 1827 809 initium

139 838 255 881 enim
294 841 469 881 tantum
508 841 550 881 et
591 838 736 881 exitus
775 837 1042 892 discrepant,
1082 836 1252 892 reliqua
1290 835 1554 879 concinunt:
1594 839 1828 895 τετραέτης

137 911 190 952 τὰ
223 915 380 966 πρῶτα
414 910 622 963 θεμείλια
658 910 817 964 Φοῖβος
850 908 1018 964 ἔπηξεν
1053 931 1106 937 ·—
1140 907 1217 951 ὧδ’
1252 908 1427 962 ἔμαθεν
1464 909 1518 951 τὰ
1556 914 1713 965 πρῶτα
1750 910 1827 952 θε-

136 981 284 1034 μείλια
318 980 482 1037 Φοῖβος
515 982 712 1036 ἐγείρειν.
778 979 888 1021 Nam
922 993 1036 1034 quae
1074 978 1142 1021 his
1180 978 1381 1022 versibus
1422 978 1671 1021 communia
1709 982 1826 1031 sunt,

138 1051 293 1093 eadem
324 1050 417 1093 fere
449 1050 493 1092 in
526 1051 693 1106 hymno
726 1049 940 1105 Apollinis
978 1049 1200 1092 homerico
1238 1049 1305 1091 bis
1342 1049 1565 1105 leguntur,
1599 1066 1639 1094 v.
1665 1052 1750 1092 254
1774 1072 1825 1086 z

138 1123 224 1163 294
256 1126 317 1174 ὣς
355 1124 498 1164 εἰπὼν
539 1122 720 1177 διέθηκε
759 1121 967 1174 θεμείλια
1008 1121 1169 1176 Φοῖβος
1200 1121 1457 1172 Ἀπόλλων,
1499 1120 1573 1162 ubi
1610 1121 1682 1164 ille
1720 1122 1828 1164 (leus

136 1191 290 1247 templi
328 1191 618 1234 fundamenta
656 1191 783 1247 primi
823 1191 1012 1247 primum
1051 1191 1106 1233 ad
1145 1191 1413 1247 Telphusam
1450 1191 1621 1235 fontem
1659 1193 1826 1235 boeoti-

138 1276 237 1304 cum
260 1266 354 1304 tum
375 1262 560 1318 Delphis
593 1262 749 1305 iecisse
782 1265 998 1308 narratur,
1052 1262 1213 1304 Nonne
1239 1261 1342 1305 inde
1369 1263 1721 1305 concludendum
1747 1266 1826 1316 est,

138 1332 456 1375 Callimachum
497 1332 697 1376 oratione
734 1332 795 1375 ita
836 1332 1081 1388 composita
1121 1332 1165 1375 id
1206 1347 1343 1375 unum
1386 1333 1607 1376 studuisse
1648 1337 1710 1386 ut,
1753 1335 1828 1391 qui

135 1403 356 1459 legerent,
405 1403 518 1446 illius
561 1403 768 1446 carminis
808 1403 1197 1447 reminiscerentur
1238 1406 1372 1460 atque
1425 1403 1642 1447 sentirent
1682 1405 1826 1460 ipsum

137 1475 350 1518 adversus
382 1474 488 1517 illud
521 1475 748 1531 pugnare?
812 1474 1135 1530 Antiquitatem
1168 1474 1283 1517 enim
1317 1474 1541 1530 religionis
1574 1475 1714 1518 deliae
1752 1477 1826 1519 ad-

136 1559 292 1588 versus
322 1545 597 1601 Delphorum
635 1546 856 1602 postulata
888 1548 1049 1597 tuetur,
1099 1559 1199 1587 cum
1246 1545 1439 1587 affirmat
1471 1546 1699 1589 Phoebum
1737 1561 1828 1589 non

136 1616 211 1658 ubi
238 1616 427 1673 primum
453 1619 585 1658 natus
609 1620 738 1668 esset,
773 1615 920 1658 statim
943 1616 1224 1672 Telphusam,
1257 1616 1361 1659 inde
1382 1616 1580 1672 Delphos
1602 1608 1839 1672 petivisses

135 1687 210 1729 ubi
248 1687 415 1743 templa
453 1687 547 1743 ipse
586 1686 854 1739 aedificaret,
895 1688 973 1730 sed
1010 1687 1109 1730 Deli
1148 1687 1289 1744 prima
1325 1687 1618 1730 fundamenta
1655 1687 1826 1741 iecisse,

137 1772 251 1814 quae
283 1757 464 1801 fuerunt
495 1757 787 1800 fundamenta
819 1765 896 1801 τοῦ
928 1759 1185 1815 Κερατίνου
1217 1762 1386 1815 βωμοῦ.

254 1828 397 1881 Quem
442 1843 532 1871 non
579 1843 694 1870 unus
735 1828 1030 1871 Callimachus
1074 1829 1152 1872 sed
1191 1829 1440 1885 complures
1481 1829 1552 1872 alii
1591 1829 1827 1886 scriptores

135 1899 206 1942 vel
239 1899 497 1942 describunt
536 1900 606 1943 vel
646 1902 765 1942 certe
797 1899 955 1943 leviter
986 1899 1308 1956 perstringunt,
1349 1903 1398 1942 ut
1431 1900 1616 1944 Ovidius
1647 1901 1825 1945 Heroid.

135 1970 246 2012 XXI
270 1972 338 2022 98,
374 1969 448 2026 qui
480 1973 631 2013 tamen
662 1969 851 2013 fortasse
874 1970 1131 2013 Callimachi
1158 1970 1408 2027 Cydippam
1442 1971 1688 2027 exscripsit,
1721 1972 1826 2015 Dio-

134 2055 272 2096 genes
305 2041 506 2084 Laertius
543 2042 641 2084 VIII
669 2044 733 2093 13,
774 2057 890 2084 unus
929 2042 1207 2098 potissimum
1239 2043 1504 2085 Plutarchus
1536 2043 1665 2086 Thes.
1690 2045 1739 2084 21
1784 2046 1828 2086 et

135 2112 190 2154 de
222 2112 313 2155 soll.
348 2112 478 2154 anim.
503 2115 644 2166 983e3
698 2112 908 2155 Martialis
941 2116 1133 2169 spectac.
1162 2116 1198 2166 1,
1221 2116 1262 2166 4,
1302 2116 1351 2156 ut
1389 2114 1652 2157 Plutarchus
1690 2114 1826 2157 altero

133 2182 245 2235 loco,
279 2185 451 2239 septem
482 2182 792 2226 miraculorum
825 2183 869 2225 in
901 2198 1085 2226 numero
1120 2188 1336 2228 recenset.
1400 2185 1614 2228 Fabulam
1647 2199 1670 2228 e
1698 2185 1826 2228 Calli—

134 2254 291 2296 macho
337 2254 610 2310 deprompsit
648 2254 916 2297 Besantinus
954 2255 1071 2298 Arae
1115 2254 1287 2298 ionicae
1325 2271 1366 2299 v.
1395 2258 1420 2298 9
1454 2270 1549 2312 sqq.
1584 2256 1708 2310 Wil.;
1750 2257 1827 2299 sed

134 2324 222 2367 tale
245 2328 386 2367 αἴτιον
407 2324 507 2367 Deli
539 2328 766 2367 narratum
789 2339 886 2368 esse
918 2325 1020 2368 inde
1047 2326 1389 2377 demonstratur,
1424 2327 1542 2383 quod
1564 2327 1827 2370 Plutarchus

134 2409 223 2438 non
258 2396 376 2451 apud
399 2394 718 2438 Callimachum
750 2397 898 2452 legere
931 2396 1074 2452 potuit
1107 2411 1228 2439 aram
1263 2411 1287 2440 e
1319 2397 1486 2440 dextris
1519 2397 1728 2440 cornibus
1751 2412 1826 2440 ex-

136 2469 350 2509 structam
384 2480 479 2509 esse
519 2467 590 2521 (de
629 2467 719 2510 soll.
745 2467 875 2509 anim.
900 2482 941 2523 p.
961 2470 1098 2520 983e3
1139 2468 1329 2510 eundem
1363 2482 1469 2512 vero
1503 2482 1686 2521 errasse,
1727 2483 1827 2512 cum

136 2536 181 2578 in
203 2537 375 2580 Theseo
409 2536 651 2580 affirmaret
684 2551 708 2580 e
740 2537 925 2580 sinistris
958 2537 1251 2591 aedificatam,
1284 2538 1371 2581 iam
1402 2539 1630 2596 perspexit
1653 2540 1826 2596 Spann-

134 2607 351 2660 heimius).
416 2608 572 2664 Neque
615 2608 750 2663 igitur
795 2612 875 2659 est,
922 2623 1000 2651 cur
1041 2608 1080 2652 ei
1121 2624 1211 2651 non
1253 2610 1485 2652 credamus
1526 2609 1669 2666 ipsum
1710 2610 1826 2652 illam

135 2692 256 2721 aram
279 2678 454 2722 vidisse.
491 2678 786 2722 Callimachus
819 2679 914 2722 sine
947 2679 1079 2722 dubio
1113 2694 1136 2722 e
1170 2679 1384 2736 scriptore
1411 2681 1465 2724 de
1488 2680 1826 2737 antiquitatibus

135 2748 257 2792 deliis
290 2748 407 2791 illam
438 2749 645 2792 fabellam
668 2750 956 2806 deprompsit,
990 2753 1126 2806 atque
1157 2751 1308 2793 nescio
1341 2766 1399 2794 an
1424 2766 1514 2794 non
1538 2751 1748 2794 audacius
1771 2751 1827 2794 sit

135 2819 349 2876 suspicari
367 2834 467 2863 eum
485 2820 599 2863 illam
617 2820 805 2877 primum
822 2821 867 2863 in
882 2820 1002 2862 libris
1018 2822 1187 2864 Αἰτίων
1203 2836 1420 2874 narrasse,
1439 2822 1510 2864 hic
1527 2822 1824 2864 narrationem

135 2889 278 2945 ipsum
311 2905 434 2933 suam
468 2905 618 2934 eorum
652 2892 726 2948 qui
758 2892 959 2947 legerent
991 2891 1034 2933 in
1067 2895 1261 2935 mentem
1295 2907 1505 2936 revocare
1538 2892 1742 2936 voluisse.

252 2960 367 3004 Arae
399 2961 511 3004 illius
545 2976 735 3005 corneae
766 2963 911 3005 locum
944 2962 1169 3005 invenisse
1202 2962 1284 3005 sibi
1324 2963 1443 3006 visus
1483 2966 1549 3005 est
1580 2963 1825 3005 Homollius

137 3030 293 3083 (BCH
332 3032 435 3074 VIII
479 3035 602 3084 1884,
640 3035 758 3087 417),
802 3033 925 3075 cuius
968 3032 1230 3086 sententiae,
1274 3048 1372 3075 cum
1415 3033 1539 3076 initio
1582 3033 1824 3076 diutissime

1566 3105 1613 3138 3*
