2180 3482
414 239 471 279 64
1053 235 1108 269 De
1133 234 1264 278 hymno
1290 234 1470 278 Apollinis

412 345 503 384 tam
543 354 676 396 saepe
707 340 753 381 in
784 340 903 382 hunc
935 354 1128 392 sensum,
1167 342 1218 382 ut
1250 340 1387 382 saltus
1421 339 1489 392 sit,
1531 342 1784 395 usurpatur,
1818 342 1866 381 ut
1897 339 1970 382 hic
2002 354 2105 382 con-

414 426 569 454 sensus
611 425 716 453 casu
757 410 903 452 factus
946 424 1043 453 esse
1085 411 1301 453 videatur.
1366 410 1537 453 Pariter
1577 425 1601 453 e
1639 426 1678 453 v.
1708 414 1758 452 91
1803 410 2106 452 concludimus

415 482 733 525 Callimachum
773 481 933 525 fecisse
976 483 1221 537 nympham
1255 481 1464 536 Cyrenen
1506 482 1657 524 leones
1696 482 1742 523 in
1781 480 1930 523 Africa
1970 481 2105 524 inter-

412 552 584 604 fecisse,
625 567 714 594 non
752 552 798 594 in
831 552 1070 595 Thessalia.
1136 552 1224 595 Sed
1255 553 1367 594 haec
1398 553 1635 600 hactenus;
1671 552 1948 607 Cyrenarum
1990 551 2108 594 enim

411 623 638 665 historiam
661 623 904 666 fabularem
927 623 974 664 in
996 623 1183 665 alterum
1207 626 1341 678 caput
1366 622 1591 675 reicimus3
1626 637 1747 665 nunc
1774 622 1947 677 singula
1969 622 2104 665 inter-

411 697 650 750 pretamur.

530 765 584 809 85
609 778 710 820 sqq.
754 764 954 820 plerique
992 764 1064 807 vel
1101 763 1249 820 potius
1288 777 1442 806 omnes
1480 763 1542 806 ita
1572 763 1845 807 intellexisse
1884 763 2105 816 videntur,

413 836 539 892 quasi
577 835 872 879 Callimachus
913 835 1080 877 diceret
1118 835 1342 877 Theraeos
1382 848 1482 876 cum
1526 833 1702 877 feminis
1740 834 1951 890 Libyssis,
2003 849 2106 877 con-

410 907 586 962 iugibus
618 906 791 958 futuris,
828 906 1024 948 saltasse.
1088 905 1145 946 At
1177 904 1320 948 fateor
1365 919 1436 947 me
1478 905 1684 960 exempla
1726 905 1989 957 desiderare,
2031 905 2107 947 ubi

409 981 520 1031 μετά
559 992 657 1020 cum
696 976 825 1020 tertio
866 991 971 1019 casu
1009 976 1054 1017 in
1093 990 1272 1018 sensum
1312 975 1536 1018 societatis
1574 975 1797 1031 iungatur.
1871 975 1972 1018 Scio
2010 975 2108 1018 fieri

411 1048 608 1104 potuisse
640 1052 687 1090 ut
723 1047 1017 1090 Callimachus
1050 1047 1247 1089 locorum
1280 1047 1558 1102 quorundam
1589 1046 1914 1089 homericorum
1940 1061 2108 1090 memor

410 1118 492 1161 sibi
529 1120 614 1161 hac
653 1122 875 1161 structura
906 1118 971 1160 uti
1002 1117 1136 1160 licere
1169 1117 1468 1160 arbitraretur.
1525 1118 1584 1160 Ut
1616 1118 1838 1160 Homerus
1871 1117 2108 1173 scripserat

408 1194 436 1246 β
464 1192 545 1232 148
576 1193 638 1233 τὼ
667 1190 702 1232 ὁ’
729 1192 812 1243 ἕως
837 1191 922 1243 μὲν
957 1188 993 1244 ῥ’
1019 1191 1231 1231 ἐπέτοντο
1263 1191 1373 1242 μετὰ
1405 1190 1582 1246 πνοιῇσ’
1607 1190 1805 1242 σῖνεμοῖο7
1849 1189 1968 1244 quod
2000 1203 2108 1231 sane

410 1275 590 1317 prorsus
623 1261 847 1316 singulare
880 1263 967 1311 est:
1008 1259 1245 1315 scripserat
1279 1261 1321 1302 Ε
1341 1262 1396 1302 85
1434 1260 1649 1315 Τυὸεΐὸην
1682 1259 1717 1302 δ’
1754 1263 1833 1302 οὐκ
1867 1262 1924 1302 ἂν
1956 1263 2108 1316 γνοίης

408 1334 634 1388 ποτέροισι
674 1335 838 1387 μετείη,
878 1333 930 1387 ἠὲ
967 1333 1077 1384 μετὰ
1123 1331 1350 1387 Τρώεσσιν
1385 1332 1553 1384 ὁμιλέοι
1586 1333 1613 1385 ’ἢ
1644 1329 1736 1384 μετ’
1771 1330 1981 1385 Ἀχαιοῖς.
2035 1331 2106 1372 In-

408 1403 710 1457 tellegendum
744 1405 828 1444 est:
864 1416 889 1443 a
922 1416 1010 1457 qua
1032 1404 1159 1457 parte
1183 1403 1332 1453 staret,
1366 1403 1515 1443 utrum
1536 1400 1654 1443 inter
1676 1401 1890 1443 Troianos
1914 1415 1970 1443 an
1992 1400 2108 1443 inter

408 1473 614 1516 Achivos.
684 1473 741 1514 At
788 1472 931 1528 potuit
979 1471 1199 1528 quispiam
1243 1471 1542 1527 interpretari:
1592 1486 1719 1524 „cum
1763 1471 1963 1524 Achivis,
2007 1487 2108 1514 cum

409 1544 659 1597 Troianis“;
705 1543 789 1585 fuit
841 1542 974 1586 etiam
1027 1542 1102 1598 qui
1151 1542 1212 1584 ita
1256 1541 1642 1598 interpretaretur,
1686 1557 1790 1584 nam
1829 1542 2107 1585 Aristonicus

410 1617 482 1667 (ex
524 1614 653 1656 huius
693 1614 810 1657 enim
846 1613 982 1670 copiis
1032 1613 1148 1655 illam
1193 1613 1552 1656 observationem
1596 1612 1782 1656 fluxisse
1819 1612 1916 1669 ipsa
1955 1613 2107 1656 scholii

408 1685 551 1728 forma
589 1686 826 1728 ostendere
870 1684 1062 1738 videtur)
1106 1683 1280 1726 disertis
1320 1683 1466 1727 verbis
1507 1687 1635 1727 cavet
1679 1698 1735 1726 ne
1775 1683 2010 1740 quisquam
2046 1683 2109 1726 ita

408 1756 650 1811 intellegat.
714 1756 858 1799 Locus
891 1755 1105 1810 gemellus
1139 1757 1204 1797 est
1239 1757 1279 1798 E
1299 1757 1396 1797 834.
1463 1754 1623 1797 Similis
1657 1769 1836 1811 quoque
1868 1756 1911 1798 E
1931 1757 2014 1797 702
2049 1759 2108 1808 ὡς

409 1828 638 1870 ἐπύθοντο
682 1829 794 1881 μετὰ
837 1828 1058 1883 Τρώεσσιν
1096 1827 1263 1882 ”Apum
1311 1828 1439 1881 potes
1481 1824 1665 1878 „inter“‚
1710 1829 1838 1881 potes
1879 1840 1932 1878 „a
1971 1826 2106 1882 parti-

407 1899 490 1940 bus
523 1898 840 1941 Troianorum“
885 1901 1074 1941 vertere.
1132 1897 1190 1938 At
1228 1897 1329 1939 nolo
1370 1897 1574 1952 exempla
1607 1910 1863 1952 congerere.
1915 1897 2108 1953 Aliquod

408 1972 560 2012 tamen
593 1969 829 2012 discrimen
867 1968 1103 2011 intercedit
1141 1967 1257 2010 inter
1294 1969 1415 2010 hunc
1448 1967 1706 2010 Callimachi
1742 1968 1890 2010 locum
1929 1970 1972 2011 et
2008 1968 2106 2011 reli-

410 2054 520 2096 quos
560 2054 670 2096 quos
708 2039 931 2095 proposui.
1006 2040 1261 2094 Utcumque
1309 2052 1414 2081 vero
1463 2038 1506 2080 id
1546 2044 1635 2089 est,
1691 2038 2008 2081 Callimachum
2046 2038 2108 2081 ita

407 2110 530 2167 loqui
562 2110 759 2167 potuisse
791 2110 971 2152 minime
1002 2123 1133 2165 nego,
1173 2123 1290 2164 nego
1323 2108 1500 2151 fecisse:
1542 2109 1715 2151 saltatio
1750 2109 1865 2151 enim
1898 2109 1970 2151 illa
1996 2109 2107 2151 ritus

409 2181 683 2224 Carneorum
716 2180 925 2236 cyrenaei
963 2184 1106 2223 αἴτιον
1147 2183 1233 2232 est3
1277 2179 1573 2222 Callimachus
1606 2193 1712 2222 vero
1753 2193 1914 2235 pueros
1947 2180 2107 2223 saltare

409 2252 548 2304 iussit,
589 2266 679 2294 non
718 2251 899 2307 puellas.
963 2251 1279 2305 Intellegamus
1314 2264 1425 2306 opus
1459 2252 1525 2292 est
1558 2251 1781 2292 Theraeos
1818 2250 1934 2293 inter
1965 2250 2107 2293 flavas

409 2322 619 2378 Libyssas
646 2323 842 2364 saltasse.
894 2321 1030 2374 Quasi
1052 2321 1247 2363 tabulam
1279 2321 1502 2377 quandam
1536 2320 1618 2362 sibi
1641 2320 1778 2363 oculis
1800 2324 2107 2376 repraesentat

411 2393 725 2436 Callimachus:
760 2392 806 2434 in
838 2392 982 2435 medio
1016 2392 1327 2434 adulescentes
1360 2391 1517 2433 armati
1550 2392 1725 2443 saltant,
1759 2391 1951 2434 feminae
1973 2391 2105 2447 Liby-

411 2479 489 2507 cae
522 2464 779 2520 peregrinos
814 2464 1100 2506 circumstant
1136 2462 1507 2518 saltationemque
1540 2462 1783 2504 inauditam
1817 2464 2016 2518 stupent3
2052 2463 2107 2505 de

410 2549 580 2577 summo
629 2535 738 2577 colle
777 2534 983 2577 Phoebus
1033 2537 1077 2576 et
1119 2533 1296 2588 Cyrene
1339 2532 1546 2575 arrident.
1615 2533 1809 2588 Fulgent
1851 2533 2106 2575 saltantium

410 2620 545 2658 arma,
579 2605 721 2661 fulget,
752 2605 871 2648 flava
902 2604 1189 2659 Libyssarum
1223 2618 1360 2646 coma.

528 2676 582 2721 85
621 2676 689 2718 Ab
726 2675 904 2718 armatis
939 2675 1113 2718 Carnea
1145 2675 1304 2716 saltata
1337 2688 1434 2716 esse
1467 2688 1523 2716 ex
1555 2674 1626 2716 illo
1661 2677 1882 2731 ζωστῆρες
1914 2673 2106 2728 Ἐνυοῦς

411 2747 587 2802 collig03
623 2747 728 2803 quid
760 2747 863 2789 inde
890 2747 944 2788 ad
973 2746 1247 2789 Carneorum
1270 2745 1464 2787 indolem
1491 2745 1849 2800 cognoscendam
1871 2745 2104 2797 redundet,

410 2818 667 2874 propediem
700 2817 959 2861 brevissime
992 2816 1290 2873 perstringam
1329 2815 1423 2870 (cfr.
1452 2831 1492 2871 p.
1518 2816 1603 2871 66).
1660 2817 1883 2872 ζωστῆρες
1915 2815 2106 2869 Ἐνυοῦς

411 2902 590 2943 prorsus
623 2888 906 2944 singulariter
940 2888 1106 2929 dictum
1140 2890 1218 2929 est.
1284 2886 1400 2938 Quid
1439 2885 1735 2928 Callimachus
1782 2885 1863 2927 sibi
1901 2885 2103 2938 voluerit,

409 2959 554 3000 nullus
579 2973 602 3001 e
626 2958 806 3002 Graecis
829 2958 971 3014 poetis
994 2961 1085 2999 tam
1119 2958 1232 3000 bene
1267 2957 1347 2998 sub
1375 2956 1512 2998 oculis
1545 2960 1680 3012 ponet
1716 2956 1839 3010 (illud
1872 2956 1988 2999 enim
2018 2957 2104 2999 Ae-

411 3029 639 3083 schyleum
662 3030 923 3085 Agamemn.
949 3032 1033 3070 375
1059 3028 1164 3070 satis
1197 3027 1423 3071 diversum
1457 3030 1541 3081 est)
1566 3042 1697 3083 quam
1722 3027 1863 3070 Isaiae
1885 3027 2104 3083 interpres
