2180 3482
361 245 440 285 156
798 241 852 275 De
877 241 1018 284 aliquot
1041 241 1255 285 hymnorum
1279 242 1394 276 forma
1420 245 1457 277 et
1481 242 1599 286 figma.

475 347 634 389 Similis
683 349 750 389 est
791 346 938 390 Ovidii
977 346 1189 390 Amorum
1236 347 1333 389 libri
1373 348 1435 389 ΠΙ
1483 348 1625 403 elegia
1679 349 1829 392 altera.
1909 351 2047 393 Poeta

356 432 493 474 prope
520 417 710 473 puellam
733 417 779 458 in
801 417 917 460 circo
941 418 1084 460 sedet:
1123 418 1249 470 „Non
1280 419 1366 460 huc
1395 418 1498 461 veni
1530 422 1580 460 ut
1612 433 1750 475 equos
1783 423 2044 476 spectarem,

356 489 433 531 sed
464 491 513 529 ut
541 490 688 530 tecum
711 488 928 544 loquerer.
978 487 1159 531 Utinam
1191 488 1298 530 1111111
1330 488 1563 545 contingat
1594 489 1686 541 tibi,
1721 490 1880 545 puella,
1915 505 2046 534 curae

355 572 465 609 esse,
508 561 557 600 ut
600 571 815 614 equorum
857 557 1051 613 agitator
1094 561 1200 611 est,“
1246 559 1330 601 alia
1363 559 1456 602 eius
1488 560 1677 615 generis,
1741 560 1799 602 At
1831 560 1918 602 iam
1949 560 2046 604 illos

354 628 601 684 alloquitur,
642 628 717 684 qui
749 642 888 684 prope
921 629 1128 672 sedentes
1159 629 1297 672 latere
1329 630 1401 673 vel
1434 630 1632 673 cruribus
1665 631 1857 686 puellam
1890 646 2044 687 parum

354 699 553 742 modeste
580 702 806 755 premunt:
842 698 990 741 onmia
1023 699 1140 742 enim
1174 699 1213 741 ei
1245 703 1454 755 suspecta
1486 704 1589 742 sunt
1623 703 1680 754 (v.
1706 703 1797 753 21):
1833 709 1876 744 tu
1911 709 2046 745 tamen

354 787 379 813 a
410 772 572 825 dextra,
607 773 852 827 quicumque
884 785 937 822 eS,
962 786 1094 826 parce
1121 773 1309 826 puellae:
1351 778 1541 814 contactu
1575 775 1717 815 lateris
1750 775 1934 815 laeditur
1966 776 2045 816 ista

353 843 425 884 tui.
494 843 559 883 Tu
593 857 766 898 quoque,
801 844 873 897 qui
903 848 1062 897 spectas
1086 848 1185 897 post
1218 857 1306 896 uos,
1341 849 1414 884 tua
1437 844 1635 885 contrahe
1667 859 1805 895 crura,
1838 846 1875 886 si
1898 846 2045 900 pudor

352 918 422 966 est,
455 913 591 968 riyido
625 928 697 954 uec
720 927 864 968 preme
896 918 1012 968 terya
1042 927 1163 969 qemi.
1226 911 1401 955 Deinde
1440 913 1495 954 ad
1535 913 1728 968 puellam
1760 913 1906 956 denuo
1940 928 2044 956 con-

352 981 557 1024 vertitur:
593 981 725 1037 pallia
755 981 940 1023 nimium
975 981 1166 1024 demissa
1200 982 1377 1038 colligat
1409 982 1519 1038 ipsa,
1554 985 1630 1025 aut
1662 997 1709 1025 se
1742 984 2042 1026 collecturum.

351 1052 443 1094 Iam
489 1052 678 1107 collegit,
727 1067 831 1094 nam
875 1052 1024 1094 statim
1063 1067 1195 1096 versu
1236 1053 1441 1109 sequenti
1482 1056 1540 1106 (v.
1566 1055 1653 1107 27),
1703 1053 1809 1110 quid
1840 1054 2043 1105 voluerit,

351 1122 511 1178 aperit:
546 1125 693 1165 ¹invida
719 1126 838 1166 vestis
865 1138 970 1176 eras,
1005 1139 1111 1180 quae
1142 1129 1227 1166 tam
1261 1126 1369 1166 baua
1402 1139 1529 1166 crura
1562 1127 1747 1180 teyebas:
1776 1127 1872 1166 tum
1905 1139 2043 1180 quan-

350 1196 441 1235 tam
481 1192 706 1235 flammam
748 1193 894 1236 animo
946 1193 1018 1236 illa
1066 1207 1193 1235 crura
1230 1193 1486 1246 infuderint,
1537 1194 1788 1237 confitetur.
1852 1196 1965 1237 Tum
1997 1209 2044 1238 se

350 1266 554 1319 paratum
603 1264 783 1307 exhibet
826 1264 989 1306 tabella
1020 1267 1179 1307 ventos
1220 1278 1456 1307 arcessere.
1520 1265 1576 1306 At
1615 1265 1853 1321 improviso
1888 1270 1944 1315 (v.
1967 1268 2042 1320 41)

351 1334 523 1390 puellae
565 1338 737 1378 vestem
779 1335 963 1391 pulvere
1010 1349 1210 1391 sparsam
1258 1349 1354 1378 esse
1402 1335 1729 1387 animadvertit,
1778 1336 1849 1379 vel
1896 1336 2043 1392 potius

351 1419 530 1446 causam
585 1405 779 1461 quaerit,
843 1420 921 1448 cur
973 1405 1090 1448 illam
1147 1409 1349 1462 temptet.
1439 1408 1523 1449 Sed
1586 1409 1668 1449 iam
1719 1423 1877 1463 pompa
1934 1410 2044 1450 veuit

352 1478 409 1528 (v.
435 1478 522 1530 43).
586 1476 636 1517 In
674 1477 759 1518 hoc
792 1476 977 1520 Ovidius
1018 1477 1073 1519 ad
1106 1476 1364 1519 Callimachi
1397 1477 1651 1532 exemplum
1694 1476 1874 1532 propius
1917 1491 2042 1519 acce—

349 1546 412 1588 dit
455 1561 588 1602 quam
620 1546 830 1589 Horatius
877 1561 927 1590 eo
968 1548 1087 1603 quod
1125 1550 1399 1603 postremum
1442 1547 1788 1603 disceptavimus
1833 1547 2041 1599 carmine,

349 1617 468 1673 quod
491 1616 586 1673 ipse
609 1618 841 1673 praeconis
864 1618 985 1661 vices
1008 1618 1054 1660 in
1078 1633 1124 1661 se
1147 1618 1323 1674 recipit:
1359 1617 1480 1660 addit
1513 1618 1648 1660 enim:
1684 1621 1839 1674 liuquis
1872 1620 2041 1661 animis-

349 1704 424 1744 que
452 1688 601 1743 favete,
643 1702 791 1744 neque
829 1688 916 1731 iam
955 1703 1055 1731 cum
1097 1690 1245 1745 puella
1277 1688 1554 1745 colloquitur,
1596 1689 1673 1731 sed
1706 1703 1805 1731 cum
1838 1688 2042 1731 omnihus

348 1757 423 1814 qui
470 1762 687 1814 spectant,
776 1759 864 1802 Sed
910 1773 1001 1802 non
1049 1773 1211 1815 praeco
1258 1760 1591 1802 mercennarius
1639 1762 1719 1811 est,
1774 1773 1929 1802 verum
1978 1758 2043 1802 vir

347 1843 514 1881 amans,
548 1829 643 1885 ipse
666 1829 869 1873 Ovidius:
904 1830 948 1872 id
976 1830 1094 1873 enim
1127 1830 1418 1886 sequentibus
1451 1830 1599 1873 verbis
1632 1829 1927 1885 significatur:
1961 1832 2042 1872 huc

347 1902 446 1943 ades
478 1907 514 1943 et
545 1916 657 1943 meus
688 1903 754 1944 hic
783 1903 865 1956 fac,
910 1904 999 1955 dea,
1042 1905 1182 1945 vineat
1214 1905 1358 1944 amor!
1419 1902 1528 1943 Tum
1564 1901 1709 1943 denuo
1748 1914 1904 1956 preces
1937 1914 2041 1942 con-

347 1973 501 2013 suetae
522 1970 822 2026 proferuntur,
857 1973 932 2014 sed
958 1986 1102 2028 paene
1124 1972 1168 2013 in
1191 1971 1461 2014 contrarium
1485 1985 1658 2015 versae:
1692 1970 1849 2027 reliqui
1872 1974 2042 2013 ceteros

346 2041 453 2083 deos
498 2044 638 2093 orent,
684 2041 779 2097 ipse
822 2057 957 2084 unam
990 2045 1230 2087 Venerem:
1272 2045 1467 2100 plaudite
1507 2044 1712 2099 Neptuno,
1758 2045 1932 2085 nimium
1971 2044 2043 2098 qui

346 2113 514 2155 creditis
540 2114 694 2155 undis!
725 2114 799 2156 Nu
833 2115 932 2155 milti
964 2128 1055 2155 cum
1081 2117 1247 2170 pelayo,
1280 2129 1342 2155 me
1363 2129 1453 2156 mea
1477 2120 1590 2155 terra
1613 2115 1734 2169 capit.
1774 2113 1939 2155 Plaude
1971 2119 2041 2154 tuo

345 2184 480 2226 Marti
517 2185 658 2225 miles!
703 2198 779 2226 uos
819 2185 981 2226 odimus
1021 2199 1162 2226 arma:
1201 2200 1292 2240 pass
1329 2186 1449 2226 iuvat
1487 2190 1522 2225 et
1561 2185 1696 2226 media
1721 2198 1826 2238 pace
1857 2189 2041 2238 repertus

346 2269 476 2296 amor.
540 2254 607 2295 Ita
639 2253 733 2296 fere
766 2254 819 2296 de
852 2254 1032 2296 Phoebo
1068 2256 1111 2296 et
1143 2253 1356 2305 Minerva,
1398 2254 1452 2295 de
1486 2253 1648 2295 Cerere
1681 2255 1723 2295 et
1756 2253 1946 2305 Baccho,
1987 2252 2041 2295 de

346 2324 524 2367 Polluce
558 2327 600 2366 et
635 2323 819 2367 Castore
850 2324 1056 2380 loquitur.
1106 2325 1215 2366 Tum
1253 2326 1310 2378 (v.
1337 2327 1410 2378 55)
1443 2324 1497 2366 ad
1521 2324 1743 2366 Venerem
1780 2326 1824 2365 et
1854 2323 2040 2365 Amores

347 2395 492 2438 denuo
527 2395 818 2438 convertitur:
852 2411 928 2438 uos
961 2397 1035 2439 tibi
1068 2397 1225 2438 blanda
1249 2398 1397 2446 Venus,
1424 2398 1651 2452 puerisque
1666 2396 1906 2450 potentibus
1938 2410 2039 2437 areu

339 2468 611 2522 plaudimus:
645 2469 813 2523 inceptis
836 2468 987 2521 adnue,
1021 2469 1131 2520 diva,
1166 2469 1285 2516 meis;
1319 2465 1424 2521 quid
1446 2464 1541 2521 ipse
1565 2465 1618 2507 ab
1647 2479 1699 2507 ea
1720 2467 1855 2520 optet,
1891 2463 2038 2506 statim

346 2536 602 2578 confitetur:
661 2539 798 2593 daque
846 2553 977 2580 novae
1019 2544 1190 2580 mentem
1231 2539 1449 2580 dominae!
1495 2539 1694 2592 patiatur
1737 2538 1884 2578 amari.
1955 2534 2039 2576 Hic

346 2621 538 2663 quoque,
580 2610 629 2649 ut
661 2607 706 2648 in
740 2608 824 2650 oda
855 2607 1013 2650 Horati
1052 2621 1167 2663 quae
1201 2621 1227 2649 a
1258 2606 1443 2650 vocibus
1481 2606 1638 2662 incipit
1669 2607 1795 2648 Natis
1829 2609 1870 2648 in
1904 2621 2037 2659 usum,

346 2677 550 2719 carminis
579 2678 709 2720 cardo
743 2692 835 2720 non
867 2678 983 2720 inter
1015 2678 1220 2733 strophas
1254 2678 1331 2720 sed
1363 2677 1407 2718 in
1440 2676 1585 2719 media
1617 2677 1799 2731 stropha
1831 2675 2035 2718 vertitur:

346 2762 448 2790 nam
490 2747 605 2791 inter
646 2748 767 2804 prius
813 2752 856 2791 et
894 2748 1081 2791 alterum
1121 2747 1251 2790 unius
1290 2747 1466 2790 distichi
1497 2761 1674 2790 versum
1708 2746 1872 2802 aliquid
1904 2745 2038 2802 idque

344 2818 472 2861 facile
495 2818 804 2874 gravissimum
832 2819 997 2874 agitur:
1034 2821 1185 2862 adnuit
1206 2825 1242 2861 et
1263 2825 1375 2861 motu
1398 2821 1520 2874 siqua
1551 2819 1734 2860 secumla
1767 2818 1891 2859 dedit.
1945 2817 2037 2858 Iam

346 2888 530 2931 Ovidius
562 2889 953 2932 vehementissime
984 2889 1187 2939 laetatur,
1230 2888 1315 2930 iam
1347 2888 1521 2943 puellae
1553 2886 1688 2929 fidem
1722 2886 2035 2942 sempiternam

346 2958 573 3013 promittit.
639 2959 727 3001 Sed
771 2959 858 3001 iani
902 2962 1080 3015 praetor
1128 2958 1442 3014 quadrigarum
1487 2972 1663 3000 cursum
1711 2957 1882 2999 indicit:
1933 2957 2036 2998 dum

346 3031 477 3083 poeta
508 3029 715 3085 loquitur,
751 3033 931 3071 currunt
971 3029 1085 3084 equi.
1148 3029 1295 3084 Atque
1332 3028 1472 3084 primo
1507 3028 1672 3084 optime
1711 3027 1889 3082 aurigae
1923 3026 2036 3068 illius
