2180 3482
375 243 431 282 ‘28
1015 240 1065 272 De
1090 239 1221 282 hymno
1247 239 1425 281 Apollinis

374 345 456 401 ipsi
495 359 572 401 per
611 359 657 386 se
691 348 807 387 stare
840 348 883 387 et
916 344 1083 400 possint
1119 348 1162 387 et
1194 344 1441 396 videantur,
1482 344 1771 400 sequentibus
1808 348 1958 386 tamen
1997 345 2061 386 in-

375 416 582 459 serviant.

492 485 647 526 Primis
672 485 871 528 versibus
897 486 1008 528 tales
1035 486 1286 541 ἐπικλήσεις
1309 488 1479 541 spectat
1505 486 1657 541 quales
1680 489 1780 527 sunt
1806 487 2062 541 ἀρχηγέτης,

374 560 565 612 ἁγήτωρ,
600 559 791 611 ἡγεμών,
827 558 1008 612 οἰκέτης,
1043 559 1250 612 οἰκιστής,
1291 559 1473 612 κτίστης.
1537 556 1685 611 Atque
1716 555 1965 612 Apollinem
1997 555 2064 597 his

374 626 627 668 nominibus
667 626 950 668 multifariam
993 627 1111 681 apud
1153 626 1346 669 Graecos
1378 626 1634 669 invocatum
1674 641 1770 669 esse
1801 626 2006 669 novimus
2020 626 2062 677 1).

373 697 628 753 Ἀρχηγέτου
682 711 929 752 cognomen
987 711 1042 739 ex
1095 696 1161 738 his
1209 696 1412 738 omnibus
1459 697 1650 739 maxime
1703 712 1839 739 unum
1888 697 2062 752 pervul-

373 770 527 821 gatum
566 770 643 809 est.
707 767 819 818 Deli,
854 767 927 808 ubi
958 767 1114 822 Apollo
1155 770 1286 809 natus
1325 770 1432 818 erat,
1473 771 1824 810 consentaneum
1865 770 1929 810 est
1964 781 2064 810 eum

374 836 445 879 illo
478 837 656 880 nomine
690 851 786 880 esse
819 838 1100 893 appellatum.
1155 838 1247 879 Iam
1280 837 1496 879 Pindarus
1528 837 1775 893 Apollinem
1815 839 2064 894 ἀρχαγέταν

374 908 517 950 Δάλου
567 907 730 950 dixisse
770 908 945 951 videtur
993 908 1060 961 (fr.
1102 910 1194 959 140,
1229 910 1283 950 32
1327 907 1530 950 editionis
1573 908 1808 950 Schr'oderi
1849 908 2062 962 minoris).

374 978 553 1020 Ariston
597 978 754 1021 Acrisii
800 978 916 1020 filius
964 982 1097 1034 poeta
1140 978 1382 1021 Phocensis
1423 993 1449 1021 a
1491 979 1717 1021 Deliorum
1761 979 1940 1022 civitate
1986 979 2063 1021 ho-

374 1049 554 1091 noribus
587 1048 776 1091 affectus
810 1053 875 1092 est
909 1050 961 1102 (B
975 1049 1063 1092 CH
1096 1050 1203 1091 XIII
1238 1052 1360 1101 1889,
1396 1051 1511 1103 251),
1547 1050 1665 1105 quod
1696 1053 2066 1106 παραγενόμενος

374 1123 436 1173 εἰς
467 1123 551 1176 τὴν
583 1126 722 1176 νῆσον
754 1124 951 1176 ὕμνησεν
986 1123 1063 1163 τὸν
1097 1122 1346 1176 ἀρχηγέτην
1370 1120 1630 1164 Ἀπόλλωνα
1662 1123 1735 1163 καὶ
1767 1123 1869 1174 τοὺς
1902 1121 2066 1173 ἄλλους

373 1191 510 1243 θεοὺς
553 1193 655 1244 τοὺς
693 1193 961 1246 κατέχοντας
994 1194 1075 1247 τὴν
1108 1196 1248 1246 νῆσον
1280 1193 1353 1234 καὶ
1387 1194 1464 1234 τὸν
1499 1192 1641 1247 δῆμον
1673 1197 1763 1234 τῶν
1796 1192 2062 1247 Ἀθηναίων.

372 1260 713 1303 Dedicationum
747 1261 860 1303 illius
893 1261 937 1302 in
969 1262 1181 1303 honorem
1215 1261 1330 1303 tituli
1362 1261 1533 1305 inventi
1560 1266 1663 1304 sunt,
1697 1263 1748 1315 (Β
1762 1262 1851 1304 CH
1873 1262 1913 1303 II
1942 1263 2064 1313 1878,

379 1334 430 1373 10
448 1331 653 1387 saepius).
695 1332 839 1388 Saepe
872 1331 916 1373 in
939 1331 1093 1388 templi
1114 1332 1371 1384 rationibuS,
1397 1347 1497 1375 cum
1519 1346 1654 1388 opera
1675 1332 1809 1374 fabris
1833 1332 2067 1387 adsignata

373 1406 674 1454 recensentur,
709 1401 960 1444 aedificium
994 1403 1215 1458 quoddam
1249 1406 1618 1446 commemoratur
1651 1403 1781 1446 variis
1814 1403 2066 1445 nominibus

374 1475 423 1514 ut
456 1475 504 1515 τὸ
538 1475 658 1528 ἱερὸν
690 1479 766 1515 τοῦ
793 1472 1062 1529 Ἀρχηγέτου,
1095 1475 1144 1516 τὸ
1175 1476 1358 1527 τέμενος
1390 1480 1468 1516 τοῦ
1500 1474 1758 1530 Ἀρχηγέτου
1792 1474 1864 1517 vel
1885 1473 2065 1516 brevius

374 1545 396 1584 ὁ
429 1544 696 1600 Ἀρχηγέτης.
737 1544 956 1599 Exempla
988 1543 1062 1599 qui
1096 1543 1272 1599 collegit
1304 1544 1429 1587 Felix
1457 1544 1691 1586 Dijrrbach
1726 1544 1878 1593 (BCH
1908 1544 2064 1586 XXIX

379 1616 500 1665 1905,
527 1616 630 1667 455)
659 1614 890 1665 dubitavit,
915 1617 1063 1656 utrum
1088 1614 1194 1657 illud
1220 1615 1434 1670 templum
1457 1615 1671 1671 Apollinis
1695 1630 1872 1657 sacrum
1893 1615 2063 1667 fuisset,

374 1699 429 1725 an
452 1684 597 1726 herois
629 1685 789 1740 potius,
823 1684 1009 1727 forsitan
1040 1685 1160 1727 Anii:
1196 1685 1241 1726 in
1262 1685 1390 1728 titulo
1415 1685 1532 1728 enim
1556 1685 1689 1728 attico
1714 1686 1767 1728 de
1790 1686 1900 1728 Delo
1924 1685 2067 1727 insula

372 1755 433 1797 IG
455 1756 495 1796 II
533 1758 566 1805 1,
588 1756 725 1798 778A
763 1772 803 1799 v.
837 1758 861 1797 6
896 1760 1040 1813 ἥρωος
1073 1757 1379 1813 ἀρ[χ]η[γέ]του
1413 1760 1526 1813 ἱερεῖ
1553 1756 1652 1811 legi.
1717 1756 1775 1798 At
1808 1756 1879 1799 ille
1911 1756 2065 1798 titulus

373 1825 434 1868 ita
476 1827 590 1869 male
633 1827 852 1869 mulcatus
903 1830 947 1870 et
991 1827 1170 1869 mutilus
1216 1831 1295 1879 est,
1337 1830 1383 1869 ut
1424 1828 1527 1870 inde
1568 1827 1641 1871 vix
1681 1827 1918 1883 quicquam
1958 1827 2066 1870 certi

376 1897 520 1952 colligi
563 1901 708 1953 queat.
775 1897 1057 1940 Schulhofius
1098 1912 1203 1940 vero
1253 1898 1407 1951 (BCH
1444 1899 1623 1940 XXXII
1674 1901 1797 1950 1908,
1831 1900 1923 1950 32),
1965 1898 2067 1940 inde

375 1968 494 2023 quod
524 1968 618 2010 fere
651 1968 853 2010 aedituus
886 1975 964 2011 τοῦ
990 1970 1104 2011 θεοῦ
1135 1968 1252 2010 idem
1279 1969 1482 2010 salarium
1516 1969 1751 2011 meruisset
1783 1983 1915 2025 quam
1949 1968 2066 2011 aedi-

374 2042 476 2080 tuus
515 2046 592 2082 τοῦ
631 2039 898 2095 Ἀρχηγέτου
933 2040 1141 2095 quodque
1174 2054 1403 2095 nunquam
1436 2046 1514 2082 τοῦ
1546 2040 1817 2096 Ἀρχηγέτου
1850 2039 2065 2095 templum

375 2109 418 2151 in
452 2110 607 2152 eodem
646 2110 912 2152 documento
953 2125 1084 2166 quani
1118 2117 1194 2152 τοῦ
1226 2112 1338 2153 θεοῦ
1376 2111 1590 2166 templum
1631 2113 2064 2162 commemoraretur,

375 2180 589 2223 conclusit
612 2183 689 2224 τὸν
711 2180 984 2237 Ἀρχηγέτην
1008 2181 1052 2222 111
1072 2180 1274 2223 omnibus
1291 2181 1358 2222 his
1376 2181 1513 2222 titulis
1530 2181 1780 2236 Apollinem
1803 2181 2063 2236 intellegen-

375 2251 478 2292 dum
518 2265 627 2294 esse.
691 2252 873 2293 Prorsus
912 2251 1130 2293 incertum
1176 2254 1243 2294 est
1284 2251 1389 2307 quid
1428 2252 1678 2294 credamus:
1724 2266 1920 2307 namque
1959 2252 2065 2294 alte-

375 2337 472 2363 rum
506 2336 560 2364 ex
594 2322 688 2374 illis,
724 2336 838 2378 quae
872 2322 1154 2364 Schulhofius
1188 2322 1347 2374 attulit,
1389 2323 1660 2377 argumentis
1700 2322 1859 2364 falsum
1897 2326 1982 2365 est:
2022 2322 2066 2364 in

375 2407 463 2434 uno
488 2392 604 2435 enim
627 2393 754 2435 titulo
790 2395 834 2435 et
864 2393 1080 2448 templum
1114 2393 1181 2436 dei
1216 2396 1257 2435 et
1281 2393 1560 2448 Archegetae
1592 2393 1807 2449 templum
1830 2407 2064 2436 recensen-

375 2467 457 2505 tur.
503 2463 843 2519 Inscriptionem
875 2463 972 2506 dico
1006 2464 1070 2505 XI
1104 2465 1143 2515 2,
1178 2466 1276 2515 287,
1310 2463 1648 2520 hieropoeorum
1680 2463 1902 2506 rationum
1933 2463 2065 2506 later-

376 2534 541 2586 c-ulum3
575 2534 650 2576 ubi
681 2534 719 2575 A
752 2550 791 2577 v.
817 2537 873 2576 98
906 2534 1077 2577 Ctesias
1111 2534 1270 2576 dicitur
1302 2534 1550 2590 suscepisse
1583 2537 1659 2588 τὰς
1684 2536 1828 2591 θύρας
1849 2541 1927 2577 τοῦ
1954 2540 2066 2576 ναοῦ

374 2611 451 2647 τοῦ
469 2604 758 2657 Ἀπόλλωνος
777 2611 976 2661 ποιῆσαι,
1000 2608 1094 2647 111111
1118 2604 1322 2661 sequenti
1340 2619 1471 2647 versu
1489 2605 1688 2661 Blepsias
1713 2608 1756 2647 et
1774 2606 1936 2660 Botrys
1964 2619 2064 2646 nar-

376 2678 531 2717 rantur
562 2676 668 2718 item
701 2675 949 2731 suscepisse
981 2678 1206 2729 πλίνθους
1231 2681 1413 2731 ποιῆσαι
1436 2679 1511 2718 καὶ
1534 2677 1821 2732 οἰκοδομῆσαι
1844 2677 1922 2718 τὸν
1943 2679 2064 2731 περί-

376 2747 513 2801 βολον
535 2753 612 2789 τοῦ
634 2746 915 2803 Ἀρχηγέτου.
970 2747 1129 2789 Paucis
1152 2746 1353 2790 versibus
1385 2746 1500 2788 infra
1533 2748 1591 2799 (v.
1622 2749 1718 2799 107)
1753 2748 1776 2787 ὁ
1799 2746 2066 2802 Ἀρχηγέτης

376 2817 522 2859 denuo
557 2820 945 2869 commemoratum
981 2821 1075 2859 tum
1102 2817 1249 2860 Nicias
1282 2816 1441 2859 dicitur
1470 2816 1668 2859 officium
1696 2816 1742 2858 in
1771 2831 1818 2859 se
1844 2817 2066 2872 recepisse

495 2924 519 2966 ¹)
553 2923 764 2957 Laterculos
802 2933 823 2957 a
861 2923 1068 2957 Wernickio
1097 2924 1198 2968 (PW.
1227 2923 1273 2966 H,
1293 2923 1362 2967 44),
1402 2923 1563 2957 Jessenio
1597 2922 1860 2967 <ibd.11‚441),
1905 2922 2065 2965 Gruppio

377 2981 530 3025 (Griech.
559 2982 672 3023 Myth.
700 2981 789 3015 1232
817 2981 907 3024 sqq.)
940 2983 1156 3025 compositos
1189 2993 1207 3016 e
1238 2981 1359 3016 titulis
1391 2984 1518 3024 postea
1548 2982 1708 3015 inventis
1739 2992 1801 3024 pro
1834 2981 1931 3015 virili
1962 2984 2066 3024 parte

377 3040 542 3083 supplere
568 3040 702 3083 studui,
729 3044 771 3074 nt
796 3041 873 3083 ipse
898 3043 1019 3073 tamen
1047 3042 1159 3075 sciam
1185 3040 1357 3075 nonnulla
1383 3051 1438 3074 me
1463 3040 1609 3084 fugisse.
