2180 3482
789 230 842 264 De
868 231 998 264 Horati
1024 240 1051 264 c.
1072 230 1128 264 III
1148 230 1190 264 14
1754 233 1834 271 153

262 337 394 378 Miras
441 336 555 378 inter
601 336 686 378 hoc
730 349 909 378 carmen
953 338 996 377 et
1028 335 1243 391 Apollinis
1274 336 1489 390 hymnum
1530 334 1835 378 similitudines

149 406 533 463 deprehendimus,
598 406 844 461 Utrobique
877 405 991 448 actio
1024 405 1317 461 progreditur,
1360 407 1463 448 dum
1498 408 1630 461 poeta
1660 405 1835 457 recitat;

147 477 382 533 utrobique
421 476 603 519 carmini
640 476 820 518 minime
856 475 1080 518 homerico
1119 480 1305 532 σφραγίς
1342 476 1556 532 quaedam
1592 475 1834 530 affingitur,

148 551 197 590 ut
233 548 446 590 sollemne
490 546 573 588 fuit
619 546 666 588 in
714 546 1070 589 citharoedorum
1101 549 1268 600 νόμοις.
1332 546 1579 601 Utrobique
1612 548 1744 601 poeta
1791 545 1834 587 in

146 618 240 674 ipso
280 617 402 661 exitu
441 631 488 660 se
526 632 616 659 non
660 616 874 668 nominat,
932 617 986 659 de
1030 631 1077 659 se
1121 620 1271 660 tamen
1314 616 1376 658 ita
1418 616 1626 672 loquitur,
1670 619 1720 657 ut
1758 630 1834 658 ne-

146 688 311 731 minem
342 688 497 744 fugiat,
541 687 638 744 quis
671 687 859 730 recitare
891 687 1101 742 fingatur,
1141 702 1241 730 cum
1274 690 1429 730 contra
1461 686 1583 729 initio
1617 686 1834 728 incertum

144 758 290 811 fuerit,
333 761 480 801 utrum
523 772 683 814 praeco
728 757 1060 801 mercennarius
1099 773 1157 800 an
1194 759 1324 800 homo
1364 758 1418 800 de
1450 757 1581 799 turba
1613 755 1834 798 silentium

144 830 325 881 faceret,
358 829 569 871 formulas
593 844 741 871 sacras
764 829 967 884 praeiret.
1015 830 1263 885 Utrumque
1296 842 1474 870 carmen
1507 842 1532 869 a
1564 827 1677 869 sacri
1710 840 1834 869 seve-

145 900 275 943 ritate
308 899 489 952 orditur,
524 901 578 942 ad
611 900 745 941 risum
779 902 823 942 et
854 899 973 942 iocos
1007 898 1216 942 deflectit.
1275 898 1484 941 Horatius
1516 901 1666 940 tamen
1698 897 1834 938 multo

145 970 323 1013 liberius
355 984 448 1013 rem
482 970 778 1012 administrat:
823 970 1118 1012 Callimachus
1152 969 1269 1012 enim
1311 969 1385 1012 vix
1428 983 1560 1010 ausus
1603 972 1720 1010 esset
1761 966 1835 1023 qui

144 1042 345 1096 legerent
367 1041 422 1083 de
445 1041 591 1097 platea
613 1040 659 1082 in
681 1043 840 1096 poetae
867 1041 1059 1092 domum,
1093 1041 1148 1082 de
1180 1054 1304 1082 sacro
1330 1039 1375 1081 in
1403 1038 1657 1082 convivium
1680 1052 1836 1094 rapere

145 1111 292 1168 potius
334 1126 467 1167 quam
508 1111 762 1153 transferre.
837 1110 896 1152 At
928 1110 1139 1153 Horatius
1179 1125 1270 1153 non
1311 1111 1528 1165 hymnum
1567 1108 1836 1151 hexametris

145 1182 351 1239 concepit
390 1182 467 1224 sed
505 1195 683 1224 carmen
720 1181 908 1236 lyricum
942 1180 1202 1236 composuit,
1243 1181 1361 1237 quod
1392 1194 1534 1235 genus
1567 1179 1836 1235 singularem

145 1252 227 1295 sibi
278 1253 529 1295 libertatem
584 1251 792 1295 vindicat.
868 1251 1087 1307 Equidem
1139 1265 1231 1294 non
1277 1250 1429 1293 dubito
1481 1250 1587 1307 quin
1627 1249 1836 1292 Horatius

146 1338 306 1380 aquam
332 1322 495 1379 potarit
521 1323 576 1365 de
601 1323 700 1364 lacu
728 1322 1011 1365 callimacheo
1045 1322 1196 1366 rivulis
1228 1322 1378 1364 nescio
1413 1321 1572 1378 quibus
1605 1321 1686 1363 sub
1718 1322 1838 1363 terra

146 1393 416 1437 absconditis
461 1392 718 1436 derivatam.
796 1393 908 1435 Nam
942 1392 1063 1435 illum
1108 1393 1162 1436 de
1195 1392 1463 1436 Callimacho
1503 1391 1598 1447 ipso
1637 1390 1836 1434 hausisse

146 1478 199 1507 ea
230 1464 284 1507 de
308 1478 442 1506 causa
462 1478 553 1506 non
577 1463 837 1506 crediderim
852 1463 894 1518 ¹),
929 1463 1047 1519 quod
1069 1463 1266 1505 Tibullus
1300 1462 1486 1518 elegiam
1519 1462 1693 1519 scripsit
1725 1462 1837 1504 odae

145 1535 404 1578 horatianae
436 1534 688 1577 similiorem
722 1549 855 1590 quam
893 1533 1048 1589 hymni
1087 1533 1359 1576 callimachei
1391 1536 1526 1590 atque
1557 1536 1708 1575 tamen
1745 1546 1836 1574 non

144 1609 236 1649 tam
268 1605 453 1648 similem
485 1608 534 1647 ut
566 1605 669 1648 inde
701 1604 885 1647 fluxisse
918 1604 1135 1657 videatur,
1170 1605 1355 1660 elegiam
1389 1604 1486 1647 djco
1518 1605 1559 1646 ΙΙ
1586 1607 1620 1646 1.

264 1676 350 1729 Qui
392 1676 599 1732 loquitur,
646 1675 781 1719 ferias
825 1675 1157 1732 conceptivas2)
1209 1675 1375 1728 indicit,
1423 1690 1514 1718 non
1554 1688 1713 1731 praeco
1759 1674 1836 1717 sed

263 1855 288 1898 ¹)
315 1854 464 1888 Minime
482 1863 573 1897 nego
591 1853 785 1887 Horatium
807 1853 1020 1888 Callimachi
1037 1853 1188 1897 hymnos
1206 1854 1325 1897 ipsum
1342 1854 1488 1897 penitus
1513 1853 1655 1886 novisse
1674 1851 1837 1896 (quidniP

142 1915 181 1948 in
199 1913 330 1948 scholis
349 1912 588 1957 legebantur),
616 1912 677 1946 sed
696 1912 871 1947 contendo
890 1915 1017 1955 artem,
1045 1923 1136 1955 quae
1155 1913 1200 1947 ab
1217 1912 1291 1946 illis
1308 1912 1450 1955 hymnis
1477 1912 1653 1955 originem
1679 1913 1835 1953 caperet,

142 1974 239 2006 inter
256 1971 517 2007 Callimachum
535 1974 572 2005 et
591 1971 783 2005 Horatium
810 1975 956 2005 auctam
982 1975 1020 2006 et
1045 1974 1258 2006 exornatam
1284 1981 1371 2015 esse,
1397 1972 1452 2005 ita
1477 1974 1521 2005 ut
1545 1981 1658 2012 neque
1684 1970 1836 2004 Horatio

144 2042 258 2074 neque
276 2031 420 2065 Tibullo
447 2041 591 2065 necesse
618 2033 713 2064 esset
740 2033 878 2064 certum
905 2030 1087 2073 exemplar
1111 2031 1260 2065 imitari.
1289 2051 1331 2054 —
1359 2030 1560 2064 Richardus
1586 2029 1836 2064 Reitzenstein

143 2092 179 2125 in
215 2089 525 2134 disputationibus
560 2089 856 2133 elegantissimis,
891 2089 976 2131 quid
1012 2090 1165 2124 Horatio
1197 2100 1276 2124 cum
1309 2090 1428 2132 poetis
1457 2088 1694 2123 hellenisticis
1725 2088 1836 2122 inter-

143 2151 292 2184 cesserit
310 2149 366 2193 (N.
386 2148 507 2183 Jahrb.
527 2147 551 2183 f.
570 2148 601 2182 d.
620 2148 730 2182 klass.
750 2148 823 2182 Alt.
844 2148 945 2192 1908,
964 2159 997 2191 p.
1012 2149 1067 2183 97.
1087 2148 1266 2193 365sqq.),
1287 2148 1330 2182 de
1346 2147 1412 2182 hoc
1430 2148 1587 2183 carmine
1605 2148 1722 2181 minus
1739 2150 1837 2181 recte

141 2208 303 2243 iudicare
320 2208 475 2241 videtur.
518 2206 613 2241 Illud
639 2208 734 2240 enim
760 2217 841 2241 cum
866 2217 1003 2250 papyro
1031 2207 1187 2249 quadam
1213 2209 1406 2251 componit,
1433 2217 1525 2249 quae
1543 2218 1565 2241 a
1582 2206 1836 2241 Kornemanno

143 2266 265 2312 (Klius
281 2266 351 2302 VH
372 2266 472 2309 1907,
500 2266 583 2306 278)
603 2266 702 2300 edita
728 2269 793 2300 est.
838 2266 880 2299 In
905 2265 973 2300 hac
990 2266 1156 2301 Phoebus
1173 2267 1400 2301 Hadrianum
1425 2277 1558 2301 novum
1583 2267 1837 2309 imperatorem

141 2326 340 2368 renuntiat,
366 2328 445 2359 tum
462 2325 582 2359 nescio
601 2325 680 2367 quis
701 2325 798 2359 cives
817 2335 900 2359 suos
918 2325 1087 2359 hortatur
1104 2325 1236 2360 laetari
1255 2328 1364 2367 atque
1384 2329 1547 2369 stratego
1573 2323 1837 2359 liberalitatum

144 2388 291 2429 gratum
317 2385 477 2418 animum
502 2386 700 2427 praestare.
743 2384 794 2417 At
813 2383 1012 2418 similitudo
1038 2394 1109 2418 non
1134 2387 1243 2419 tanta
1269 2388 1324 2418 est
1350 2386 1488 2426 quanta
1514 2386 1547 2418 ei
1571 2383 1726 2427 videtur,
1753 2393 1837 2416 nam

143 2444 272 2488 δῆμος,
305 2453 411 2485 quem
436 2442 601 2477 Phoebus
638 2441 847 2485 alloquitur,
881 2445 946 2476 aut
972 2444 1073 2477 vicus
1100 2446 1166 2485 est,
1202 2446 1245 2477 ut
1270 2442 1547 2478 Kornemannus
1572 2444 1837 2486 interpretatur

143 2502 241 2547 (nam
257 2501 347 2536 haec
373 2511 533 2545 papyrus
558 2511 631 2535 una
658 2511 738 2534 cum
764 2502 857 2535 actis
883 2504 1005 2543 empta
1031 2504 1087 2535 est
1113 2512 1144 2535 a.
1163 2501 1210 2535 II.
1231 2505 1296 2536 aut
1320 2502 1385 2536 III.
1403 2502 1581 2536 Hadriani
1607 2502 1837 2544 imperatoris

145 2560 335 2604 Apollonio
369 2559 786 2594 Ἀπολλωνοπολείτου
815 2559 1085 2605 Ἐπτακωμίας
1112 2560 1300 2605 στρατηγῷ
1336 2560 1457 2606 datis),
1490 2564 1555 2595 aut
1580 2559 1734 2604 populus
1758 2561 1836 2594 uni-

142 2629 278 2654 versus.
328 2619 422 2653 Illud
457 2629 541 2652 vero
575 2618 684 2662 deest,
721 2618 815 2661 quod
840 2618 972 2653 Horati
1002 2620 1186 2662 proprium
1212 2622 1249 2653 et
1274 2619 1455 2662 peculiare
1481 2623 1547 2663 est,
1585 2622 1837 2663 transgressus

143 2678 185 2712 de
221 2688 323 2713 sacro
359 2678 404 2712 ad
436 2679 651 2712 convivium.
703 2678 854 2712 Accedit
885 2678 978 2721 quod
1011 2679 1105 2721 apud
1131 2679 1324 2713 Horatium
1355 2689 1449 2713 unus
1474 2679 1618 2722 recitat,
1654 2678 1711 2712 hic
1736 2678 1836 2721 prius

141 2736 317 2781 Phoebus,
346 2737 483 2780 deinde,
510 2740 552 2771 ut
569 2737 724 2779 videtur,
752 2738 850 2771 civis.
894 2737 963 2779 Qui
982 2736 1050 2772 hac
1074 2747 1211 2780 papyro
1237 2748 1323 2772 usus
1340 2737 1535 2772 Horatium
1559 2738 1835 2780 interpretatur,

142 2795 184 2830 de
209 2796 369 2830 tenebris
395 2795 512 2830 lucem
537 2806 699 2839 promere
726 2799 888 2830 conatur.
938 2795 1066 2830 Moneo
1092 2797 1247 2839 priorem
1279 2799 1421 2839 partem
1453 2797 1608 2831 fortasse
1639 2796 1757 2831 locum
1792 2806 1835 2830 ex

141 2854 212 2889 alio
248 2855 424 2898 scriptore
460 2854 615 2889 allatum
646 2864 733 2889 esse.
784 2855 950 2898 Papyrus
975 2856 1056 2898 ipsa
1080 2856 1225 2899 integra
1260 2858 1326 2899 est,
1361 2857 1404 2889 ut
1438 2866 1481 2889 ex
1513 2856 1672 2900 imagine
1707 2855 1834 2900 elucet,

141 2913 204 2948 sed
228 2912 383 2947 fortasse
410 2913 452 2947 de
486 2923 557 2947 non
593 2914 736 2958 integro
776 2913 936 2957 exemplo
974 2914 1198 2958 transcripta
1236 2913 1293 2948 vel
1331 2924 1374 2948 ex
1410 2915 1552 2959 integro
1590 2914 1836 2959 imprudenter

142 2974 322 3015 excerpta.

260 3029 288 3075 2)
315 3030 386 3065 Cir.
404 3031 668 3075 Reitzenstein,
694 3031 1104 3076 Wundererz'ahlungen
1131 3031 1197 3066 159
1208 3041 1283 3075 sqq.
