2180 3482
855 242 908 275 De
934 252 990 274 vv.
1012 241 1151 274 41—46
1790 242 1839 280 21

161 350 417 391 sollemnem
463 348 684 403 quandam
733 360 829 389 esse
878 349 926 388 ut
974 347 1310 397 demonstraret,
1363 349 1499 388 testes
1551 345 1697 387 attulit
1744 344 1845 386 Pin-

159 421 312 464 darum
345 419 473 474 Pyth.
499 418 537 460 V
561 420 616 459 63
649 417 692 458 in
726 416 913 472 epinicio
953 417 1007 459 de
1041 415 1242 471 Cyrenis,
1285 417 1514 458 Platonem
1548 416 1687 458 Conv.
1717 418 1796 456 197
1807 429 1844 466 a,

157 490 400 532 Diodorum
440 489 477 531 V
502 491 569 540 74,
595 491 634 540 5,
689 487 922 529 Horatium
964 501 1094 529 carm.
1121 500 1234 529 saec.
1261 489 1329 538 71,
1378 486 1619 541 Vergilium
1661 485 1843 528 Aeneid.

159 561 245 603 XII
267 563 371 611 396;
410 558 711 601 testimonium
750 561 899 600 tamen
938 557 1066 600 facile
1107 557 1415 612 gravissimum
1448 557 1657 611 neglexit.
1721 557 1845 598 Plato

160 632 276 674 enim
300 629 467 685 Cratyli
500 645 541 685 p.
564 631 685 671 405a
711 629 939 671 Socratem
968 627 1137 670 inducit
1160 628 1536 670 demonstrantem
1569 628 1736 668 nullum
1768 641 1844 668 no-

159 715 261 744 men
302 700 448 756 aptius
490 714 621 756 quam
653 699 868 755 Apollinis
910 713 1007 742 esse
1048 703 1097 741 ἓν
1139 702 1190 741 ὂν
1230 700 1469 754 τέτταρσι
1503 699 1719 751 δυνάμεσι
1751 704 1846 749 ταῖς

157 779 235 815 τοῦ
267 773 391 823 θεοῦ,
428 775 541 813 ὥστε
573 775 713 813 πᾶσιν
746 771 1032 825 ἐφάπτεσθαι
1064 773 1139 812 καὶ
1172 770 1337 825 (δηλοῦν
1370 772 1537 825 τρόπον
1569 770 1668 810 τινὰ
1695 784 1842 821 μουσι-

161 846 245 898 κήν
268 859 314 885 τε
336 844 409 884 καὶ
432 844 651 897 μαντικὴν
673 844 748 884 καὶ
771 843 973 896 ἰατρικὴν
996 843 1069 883 καὶ
1093 841 1285 896 τοξικὴν,
1308 866 1357 869 *-
1377 839 1431 883 45
1451 839 1703 893 Auguribus
1722 840 1849 894 θριαί

160 913 351 969 quodam
393 913 589 967 pondere
627 911 889 962 adiciuntur,
933 910 975 952 id
1017 914 1083 953 est
1124 910 1382 953 vaticinium
1424 924 1503 965 per
1534 909 1722 964 lapillos,
1765 910 1849 951 hoc

161 983 277 1026 enim
319 998 343 1025 a
384 982 531 1025 multis
571 981 765 1038 Apollini
806 981 1153 1033 abiudicabatur,
1204 981 1443 1032 Minervae,
1487 980 1675 1022 fortasse
1717 979 1848 1022 etiam

165 1053 381 1096 Mercurio
414 1053 703 1096 tribuebatur.
738 1051 896 1094 Suidas
929 1067 961 1093 s.
986 1067 1027 1094 v.
1051 1053 1204 1094 Πυθώ
1236 1055 1426 1094 testatur
1467 1051 1511 1092 in
1551 1051 1716 1106 templo
1759 1051 1847 1092 del-

164 1124 292 1181 phico
335 1138 467 1180 super
498 1123 671 1179 tripode
704 1122 896 1178 phialam
937 1122 1086 1174 fuisse,
1129 1122 1174 1164 in
1215 1123 1299 1164 hac
1333 1122 1524 1164 calculos
1558 1121 1632 1177 qui
1666 1121 1848 1164 resulta-

158 1198 271 1247 rent,
306 1194 673 1251 quotiescumque
695 1196 821 1236 vates
844 1194 975 1236 deum
1001 1196 1215 1248 rogasset,
1250 1193 1392 1234 nullos
1425 1192 1532 1234 alios
1565 1191 1733 1247 opinor,
1766 1191 1849 1233 nisi

160 1267 238 1308 has
270 1267 416 1322 θριάς.
481 1265 711 1320 Nymphas
744 1264 911 1316 ThriaS,
954 1263 1169 1320 Apollinis
1207 1263 1415 1315 nutrices,
1459 1262 1643 1305 Parnasi
1683 1262 1850 1305 incolas

160 1336 270 1379 dixit
292 1336 579 1379 Philochorus
607 1336 741 1391 (apud
763 1335 1009 1378 Zenobium
1043 1338 1158 1378 cent.
1183 1338 1286 1388 5753
1322 1335 1376 1376 ab
1410 1335 1565 1377 eodem
1597 1335 1848 1385 manarunt,

160 1421 274 1464 quae
299 1407 510 1462 leguntur
530 1407 677 1462 Etym.
703 1407 758 1448 M.
784 1422 824 1462 p.
848 1409 948 1458 455,
971 1408 1060 1460 49).
1094 1406 1178 1447 Alii
1211 1405 1419 1448 dicebant
1452 1409 1534 1461 τὴν
1568 1406 1640 1447 διὰ
1676 1408 1849 1460 ψήφων

157 1481 378 1534 μαντικήν
416 1492 442 1520 a
473 1477 674 1521 Minerva
711 1477 954 1529 inventam,
996 1478 1149 1520 Iovem
1182 1491 1287 1520 vero
1320 1476 1511 1532 Apollini
1549 1475 1848 1531 gratificatum

159 1549 276 1591 illam
323 1549 584 1592 mendacem
630 1548 874 1591 reddidisse
918 1547 1013 1602 (cfr.
1038 1548 1202 1590 Zenob.
1229 1550 1342 1590 cent.
1368 1550 1468 1602 575)
1488 1548 1528 1601 ¹),
1578 1546 1672 1589 sive
1717 1546 1849 1589 etiam

165 1620 306 1676 ipsam
332 1619 591 1671 Minervam,
626 1619 922 1661 insimulatam
946 1619 1065 1675 quod
1092 1618 1279 1661 alienam
1313 1621 1452 1661 artem
1486 1621 1728 1669 exerceret,
1763 1605 1848 1659 cal*—

162 1691 284 1733 culos
317 1689 532 1732 abiecisse
566 1689 659 1741 (cfr.
684 1691 753 1731 Et.
779 1691 833 1732 M.
857 1692 957 1742 455,
982 1692 1067 1741 34).
1121 1690 1338 1732 Mercurio
1372 1690 1426 1731 ab
1459 1688 1662 1745 Apolline
1695 1687 1850 1730 Thrias

161 1761 345 1804 concedi
385 1761 540 1816 hymni
581 1760 625 1802 in
658 1760 923 1804 Mercurium
967 1760 1179 1804 homerici
1211 1776 1251 1804 v.
1277 1763 1360 1802 552
1395 1775 1489 1817 sqq.
1525 1759 1724 1816 plerique
1757 1773 1849 1801 cre-

161 1832 284 1883 dunt,
318 1831 468 1874 nescio
501 1846 558 1873 an
590 1834 724 1874 recte.
789 1833 896 1874 Tres
937 1831 1051 1874 enim
1093 1835 1197 1873 sunt
1236 1834 1397 1885 σεμναί
1438 1833 1602 1886 (neque
1636 1830 1752 1872 enim
1785 1832 1852 1872 est

162 1917 240 1945 cur
272 1901 434 1944 tradita
465 1902 644 1945 arbitrio
678 1905 830 1944 nostro
862 1902 1136 1957 refingamus
1168 1904 1296 1958 θριαί
1328 1902 1681 1955 substituentes),
1716 1900 1848 1956 virgi-

161 1988 240 2016 nes
258 1973 336 2015 alis
355 1973 595 2029 praeditae,
620 1973 804 2015 Parnasi
826 1973 1010 2025 incolae,
1035 1973 1268 2029 peculiaris
1292 1972 1576 2016 divinationis
1598 1972 1850 2027 magistrae,

161 2058 289 2100 quae,
341 2043 709 2100 quotiescumque
742 2044 828 2086 mel
871 2043 1101 2096 ediderint,
1151 2058 1257 2087 vera
1297 2043 1549 2100 proferunt,
1600 2044 1667 2085 sin
1711 2043 1849 2094 aliter,

158 2114 282 2156 falsa.
346 2115 564 2157 Numerus
607 2118 650 2157 et
692 2115 820 2157 sedes
865 2118 1137 2170 congruunt,
1184 2114 1229 2156 in
1269 2118 1481 2169 μαντείας
1521 2116 1757 2157 ἀπάνευθε
1791 2115 1851 2157 ὀι-

161 2186 378 2229 &ozanam
410 2188 470 2240 (v.
495 2188 596 2240 556)
630 2185 735 2228 illud
769 2187 1008 2229 ἀπάνευθε
1040 2185 1148 2227 nihil
1181 2186 1298 2228 aliud
1331 2185 1555 2241 significat
1587 2200 1721 2241 quam
1757 2198 1849 2237 „re-

160 2258 308 2299 motae
341 2257 396 2298 ab
428 2256 656 2299 hominum
690 2256 998 2309 commercio“,
1032 2256 1093 2298 ita
1124 2259 1174 2298 ut
1207 2271 1280 2299 eas
1314 2270 1528 2312 quaerere
1560 2270 1744 2298 necesse
1777 2255 1850 2308 sit;

160 2326 316 2383 Apollo
341 2327 457 2370 enim
490 2327 545 2369 ab
567 2327 649 2369 illis
673 2327 870 2370 eruditus
894 2330 973 2379 est,
1008 2341 1109 2370 cum
1141 2327 1185 2369 in
1218 2327 1443 2370 montibus
1475 2327 1660 2370 desertis
1693 2340 1852 2382 greges

162 2398 384 2453 pascebat.
450 2397 697 2441 Hermanni
738 2398 872 2453 igitur
914 2398 1164 2454 explicatio,
1209 2398 1244 2440 si
1284 2413 1374 2441 non
1417 2413 1596 2454 prorsus
1630 2400 1764 2449 certa,
1808 2400 1853 2439 at

162 2469 318 2511 saltem
350 2468 597 2512 verisimilis
631 2471 710 2512 est.
764 2469 1058 2525 Apollodorus
1091 2471 1240 2511 autem
1274 2469 1410 2524 (bybl.
1434 2469 1496 2511 ΙΠ
1527 2471 1608 2521 15),
1644 2468 1851 2524 quoniam

162 2543 313 2582 narrat
359 2539 625 2582 Mercurium
672 2540 726 2582 ab
774 2540 978 2596 Apolline
1028 2543 1110 2596 τὴν
1157 2541 1229 2583 ὁιά
1276 2546 1368 2583 τῶν
1413 2543 1586 2595 ψήφων
1633 2543 1853 2595 μαντικήν

162 2610 400 2666 accepisse,
434 2610 479 2652 in
512 2610 690 2666 reliquis
723 2625 829 2654 vero
864 2625 964 2653 curn
998 2611 1168 2665 hymno
1203 2610 1409 2662 concinit,
1444 2610 1549 2652 illud
1582 2624 1759 2652 carmen
1793 2609 1853 2651 ita

162 2683 211 2722 ut
242 2682 526 2723 Hermannus
566 2681 796 2733 intellexit,
844 2696 934 2723 non
977 2695 1000 2724 e
1046 2680 1173 2722 simili
1211 2681 1465 2724 narratione
1505 2682 1615 2723 haec
1647 2681 1691 2722 in
1725 2695 1852 2722 suum

162 2766 290 2793 usum
323 2752 554 2795 convertit.
589 2779 643 2783 —
679 2752 807 2804 Quod
841 2752 1012 2794 duobus
1046 2752 1116 2794 vel
1148 2751 1336 2794 fortasse
1367 2751 1506 2793 tribus
1541 2751 1605 2793 dis
1639 2750 1850 2794 divinatio

164 2836 243 2877 per
276 2823 468 2865 calculos
493 2823 784 2874 tribuebatur,
824 2822 926 2864 inde
959 2822 1204 2877 colligimus
1235 2823 1351 2864 hanc
1385 2822 1522 2878 primo
1557 2821 1682 2877 quasi
1713 2824 1852 2864 artem

283 2987 307 3031 ¹)
335 2987 538 3031 Stephanus
557 2999 583 3022 s.
602 2999 635 3022 v.
660 2987 774 3033 Θριαί
797 2987 920 3022 eadem
948 2987 1020 3021 fere
1045 2987 1156 3021 verba
1181 2987 1341 3030 praebet,
1368 2987 1438 3021 nisi
1465 2986 1556 3029 quod
1582 2986 1698 3021 multa
1723 2985 1853 3021 lacuna

163 3045 295 3080 hausta
320 3050 415 3081 sunt.
