<?xml version="1.0" encoding="UTF-8"?>
<!DOCTYPE html PUBLIC "-//W3C//DTD XHTML 1.0 Transitional//EN"
    "http://www.w3.org/TR/xhtml1/DTD/xhtml1-transitional.dtd">
<html xmlns="http://www.w3.org/1999/xhtml" xml:lang="en" lang="en">
 <head>
  <title>
</title>
<meta http-equiv="Content-Type" content="text/html;charset=utf-8" />
  <meta name='ocr-system' content='tesseract 3.04.00' />
  <meta name='ocr-capabilities' content='ocr_page ocr_carea ocr_par ocr_line ocrx_word'/>
</head>
<body>
  <div class='ocr_page' id='page_1' title='image "./quaestionescalli00pasquoft_0122.png"; bbox 0 0 2180 3482; ppageno 0'>
   <div class='ocr_carea' id='block_1_1' title="bbox 354 240 1404 286">
    <p class='ocr_par' dir='ltr' id='par_1_1' title="bbox 354 240 1404 286">
     <span class='ocr_line' id='line_1_1' title="bbox 354 240 1404 286; baseline -0.01 0"><span class='ocrx_word' id='word_1_1' title='bbox 354 245 435 286; x_wconf 84' lang='lat'>114</span> <span class='ocrx_word' id='word_1_2' title='bbox 981 241 1036 276; x_wconf 82' lang='lat' dir='ltr'>De</span> <span class='ocrx_word' id='word_1_3' title='bbox 1060 240 1194 276; x_wconf 79' lang='lat' dir='ltr'>fabulis</span> <span class='ocrx_word' id='word_1_4' title='bbox 1218 242 1404 284; x_wconf 82' lang='lat' dir='ltr'>cyrenaeis</span> 
     </span>
    </p>
   </div>
   <div class='ocr_carea' id='block_1_2' title="bbox 341 346 2092 2809">
    <p class='ocr_par' dir='ltr' id='par_1_2' title="bbox 343 346 2042 1674">
     <span class='ocr_line' id='line_1_2' title="bbox 347 346 2038 402; baseline -0.001 -10"><span class='ocrx_word' id='word_1_5' title='bbox 347 349 497 392; x_wconf 77' lang='lat' dir='ltr'>fabula</span> <span class='ocrx_word' id='word_1_6' title='bbox 545 348 637 390; x_wconf 78' lang='lat' dir='ltr'>sive</span> <span class='ocrx_word' id='word_1_7' title='bbox 678 347 860 389; x_wconf 89' lang='lat' dir='ltr'>theraea</span> <span class='ocrx_word' id='word_1_8' title='bbox 905 346 998 390; x_wconf 89' lang='lat' dir='ltr'>sive</span> <span class='ocrx_word' id='word_1_9' title='bbox 1040 347 1277 402; x_wconf 78' lang='lat' dir='ltr'>cyrenensi</span> <span class='ocrx_word' id='word_1_10' title='bbox 1320 348 1375 390; x_wconf 89' lang='lat' dir='ltr'>de</span> <span class='ocrx_word' id='word_1_11' title='bbox 1415 348 1547 390; x_wconf 88' lang='lat' dir='ltr'>Batto</span> <span class='ocrx_word' id='word_1_12' title='bbox 1592 347 1887 390; x_wconf 69' lang='lat' dir='ltr'>recentiorem</span> <span class='ocrx_word' id='word_1_13' title='bbox 1929 361 2038 390; x_wconf 85' lang='lat' dir='ltr'>esse.</span> 
     </span>
     <span class='ocr_line' id='line_1_3' title="bbox 348 416 2039 474; baseline -0.001 -13"><span class='ocrx_word' id='word_1_14' title='bbox 348 420 518 461; x_wconf 89' lang='lat' dir='ltr'>Pariter</span> <span class='ocrx_word' id='word_1_15' title='bbox 557 421 705 459; x_wconf 89' lang='lat' dir='ltr'>autem</span> <span class='ocrx_word' id='word_1_16' title='bbox 744 420 845 472; x_wconf 87' lang='lat' dir='ltr'>post</span> <span class='ocrx_word' id='word_1_17' title='bbox 885 416 1080 459; x_wconf 84' lang='lat' dir='ltr'>fabulam</span> <span class='ocrx_word' id='word_1_18' title='bbox 1125 418 1179 460; x_wconf 91' lang='lat' dir='ltr'>de</span> <span class='ocrx_word' id='word_1_19' title='bbox 1212 418 1356 460; x_wconf 91' lang='lat' dir='ltr'>Thera</span> <span class='ocrx_word' id='word_1_20' title='bbox 1397 432 1423 460; x_wconf 90' lang='lat' dir='ltr'>a</span> <span class='ocrx_word' id='word_1_21' title='bbox 1454 417 1616 473; x_wconf 71' lang='lat' dir='ltr'>Minyis</span> <span class='ocrx_word' id='word_1_22' title='bbox 1651 417 1830 460; x_wconf 92' lang='lat' dir='ltr'>condita</span> <span class='ocrx_word' id='word_1_23' title='bbox 1862 431 2039 474; x_wconf 89' lang='lat' dir='ltr'>compo-</span> 
     </span>
     <span class='ocr_line' id='line_1_4' title="bbox 348 487 2040 543; baseline -0.001 -12"><span class='ocrx_word' id='word_1_24' title='bbox 348 490 431 531; x_wconf 88' lang='lat' dir='ltr'>sita</span> <span class='ocrx_word' id='word_1_25' title='bbox 464 492 542 531; x_wconf 86' lang='lat' dir='ltr'>est.</span> <span class='ocrx_word' id='word_1_26' title='bbox 608 488 746 530; x_wconf 76' lang='lat' dir='ltr'>Nemo</span> <span class='ocrx_word' id='word_1_27' title='bbox 782 487 912 539; x_wconf 90' lang='lat' dir='ltr'>enim,</span> <span class='ocrx_word' id='word_1_28' title='bbox 948 487 1023 543; x_wconf 91' lang='lat' dir='ltr'>qui</span> <span class='ocrx_word' id='word_1_29' title='bbox 1056 487 1235 543; x_wconf 90' lang='lat' dir='ltr'>quidem</span> <span class='ocrx_word' id='word_1_30' title='bbox 1264 488 1717 531; x_wconf 80' lang='lat' dir='ltr'>Lacedaemoniorum</span> <span class='ocrx_word' id='word_1_31' title='bbox 1750 487 1917 543; x_wconf 82' lang='lat' dir='ltr'>gloriae</span> <span class='ocrx_word' id='word_1_32' title='bbox 1949 491 2040 530; x_wconf 87' lang='lat' dir='ltr'>stu-</span> 
     </span>
     <span class='ocr_line' id='line_1_5' title="bbox 348 557 2041 613; baseline 0 -12"><span class='ocrx_word' id='word_1_33' title='bbox 348 561 484 611; x_wconf 88' lang='lat' dir='ltr'>deret,</span> <span class='ocrx_word' id='word_1_34' title='bbox 539 557 775 601; x_wconf 85' lang='lat' dir='ltr'>ementitus</span> <span class='ocrx_word' id='word_1_35' title='bbox 829 561 944 600; x_wconf 90' lang='lat' dir='ltr'>esset</span> <span class='ocrx_word' id='word_1_36' title='bbox 997 572 1088 600; x_wconf 91' lang='lat' dir='ltr'>non</span> <span class='ocrx_word' id='word_1_37' title='bbox 1136 558 1510 601; x_wconf 89' lang='lat' dir='ltr'>Lacedaemonios</span> <span class='ocrx_word' id='word_1_38' title='bbox 1561 559 1638 601; x_wconf 90' lang='lat' dir='ltr'>sed</span> <span class='ocrx_word' id='word_1_39' title='bbox 1684 558 1859 613; x_wconf 64' lang='lat' dir='ltr'>Minyas</span> <span class='ocrx_word' id='word_1_40' title='bbox 1898 559 2041 601; x_wconf 86' lang='lat' dir='ltr'>Thera</span> 
     </span>
     <span class='ocr_line' id='line_1_6' title="bbox 345 627 2042 682; baseline -0.001 -10"><span class='ocrx_word' id='word_1_41' title='bbox 345 628 676 672; x_wconf 90' lang='lat' dir='ltr'>lacedaemonio</span> <span class='ocrx_word' id='word_1_42' title='bbox 729 628 841 670; x_wconf 91' lang='lat' dir='ltr'>duce</span> <span class='ocrx_word' id='word_1_43' title='bbox 885 627 1074 670; x_wconf 87' lang='lat' dir='ltr'>insulam</span> <span class='ocrx_word' id='word_1_44' title='bbox 1116 629 1305 671; x_wconf 91' lang='lat' dir='ltr'>Theram</span> <span class='ocrx_word' id='word_1_45' title='bbox 1350 629 1618 682; x_wconf 81' lang='lat' dir='ltr'>condidisse3</span> <span class='ocrx_word' id='word_1_46' title='bbox 1663 643 1794 671; x_wconf 89' lang='lat' dir='ltr'>nemo</span> <span class='ocrx_word' id='word_1_47' title='bbox 1836 628 2042 672; x_wconf 75' lang='lat' dir='ltr'>finxisset</span> 
     </span>
     <span class='ocr_line' id='line_1_7' title="bbox 346 689 2041 755; baseline -0.001 -13"><span class='ocrx_word' id='word_1_48' title='bbox 346 700 521 755; x_wconf 69' lang='lat' dir='ltr'>Minyas</span> <span class='ocrx_word' id='word_1_49' title='bbox 562 698 758 742; x_wconf 75' lang='lat' dir='ltr'>breviter</span> <span class='ocrx_word' id='word_1_50' title='bbox 798 701 972 740; x_wconf 89' lang='lat' dir='ltr'>tantum</span> <span class='ocrx_word' id='word_1_51' title='bbox 1007 689 1532 754; x_wconf 87' lang='lat' dir='ltr'>Spartaecommoratos</span> <span class='ocrx_word' id='word_1_52' title='bbox 1578 713 1696 745; x_wconf 81' lang='lat' dir='ltr'>esse:</span> <span class='ocrx_word' id='word_1_53' title='bbox 1746 713 1876 742; x_wconf 92' lang='lat' dir='ltr'>nemo</span> <span class='ocrx_word' id='word_1_54' title='bbox 1915 701 2041 741; x_wconf 83' lang='lat' dir='ltr'>tanta</span> 
     </span>
     <span class='ocr_line' id='line_1_8' title="bbox 346 769 2040 825; baseline -0.002 -11"><span class='ocrx_word' id='word_1_55' title='bbox 346 772 460 814; x_wconf 89' lang='lat' dir='ltr'>mole</span> <span class='ocrx_word' id='word_1_56' title='bbox 492 770 666 825; x_wconf 67' lang='lat' dir='ltr'>Minyas</span> <span class='ocrx_word' id='word_1_57' title='bbox 700 770 754 812; x_wconf 88' lang='lat' dir='ltr'>de</span> <span class='ocrx_word' id='word_1_58' title='bbox 787 770 988 824; x_wconf 65' lang='lat' dir='ltr'>Taygeto</span> <span class='ocrx_word' id='word_1_59' title='bbox 1023 769 1242 824; x_wconf 77' lang='lat' dir='ltr'>Spartam,</span> <span class='ocrx_word' id='word_1_60' title='bbox 1284 773 1377 811; x_wconf 82' lang='lat' dir='ltr'>turn</span> <span class='ocrx_word' id='word_1_61' title='bbox 1412 784 1562 811; x_wconf 88' lang='lat' dir='ltr'>rursus</span> <span class='ocrx_word' id='word_1_62' title='bbox 1597 770 1757 825; x_wconf 90' lang='lat' dir='ltr'>Sparta</span> <span class='ocrx_word' id='word_1_63' title='bbox 1788 770 1833 811; x_wconf 88' lang='lat' dir='ltr'>in</span> <span class='ocrx_word' id='word_1_64' title='bbox 1867 770 2040 825; x_wconf 83' lang='lat' dir='ltr'>Tayge-</span> 
     </span>
     <span class='ocr_line' id='line_1_9' title="bbox 346 839 2041 896; baseline -0.001 -12"><span class='ocrx_word' id='word_1_65' title='bbox 346 846 440 884; x_wconf 88' lang='lat' dir='ltr'>tum</span> <span class='ocrx_word' id='word_1_66' title='bbox 479 840 789 891; x_wconf 82' lang='lat' dir='ltr'>transtulisset,</span> <span class='ocrx_word' id='word_1_67' title='bbox 835 854 936 882; x_wconf 91' lang='lat' dir='ltr'>cum</span> <span class='ocrx_word' id='word_1_68' title='bbox 978 843 1129 883; x_wconf 90' lang='lat' dir='ltr'>tamen</span> <span class='ocrx_word' id='word_1_69' title='bbox 1174 839 1234 881; x_wconf 78' lang='lat' dir='ltr'>fflj</span> <span class='ocrx_word' id='word_1_70' title='bbox 1273 840 1327 882; x_wconf 91' lang='lat' dir='ltr'>de</span> <span class='ocrx_word' id='word_1_71' title='bbox 1360 841 1562 896; x_wconf 77' lang='lat' dir='ltr'>Taygeto</span> <span class='ocrx_word' id='word_1_72' title='bbox 1596 841 1786 883; x_wconf 89' lang='lat' dir='ltr'>Theram</span> <span class='ocrx_word' id='word_1_73' title='bbox 1827 840 2041 896; x_wconf 82' lang='lat' dir='ltr'>navigare</span> 
     </span>
     <span class='ocr_line' id='line_1_10' title="bbox 346 910 2039 969; baseline -0.001 -14"><span class='ocrx_word' id='word_1_74' title='bbox 346 912 511 969; x_wconf 86' lang='lat' dir='ltr'>pariter</span> <span class='ocrx_word' id='word_1_75' title='bbox 558 911 711 968; x_wconf 86' lang='lat' dir='ltr'>paucis</span> <span class='ocrx_word' id='word_1_76' title='bbox 760 910 887 952; x_wconf 89' lang='lat' dir='ltr'>annis</span> <span class='ocrx_word' id='word_1_77' title='bbox 936 913 1041 953; x_wconf 89' lang='lat' dir='ltr'>ante</span> <span class='ocrx_word' id='word_1_78' title='bbox 1089 911 1339 966; x_wconf 88' lang='lat' dir='ltr'>potuissent</span> <span class='ocrx_word' id='word_1_79' title='bbox 1383 925 1516 966; x_wconf 89' lang='lat' dir='ltr'>quam</span> <span class='ocrx_word' id='word_1_80' title='bbox 1559 910 1709 967; x_wconf 84' lang='lat' dir='ltr'>paucis</span> <span class='ocrx_word' id='word_1_81' title='bbox 1754 911 1881 953; x_wconf 84' lang='lat' dir='ltr'>annis</span> <span class='ocrx_word' id='word_1_82' title='bbox 1925 914 2039 966; x_wconf 85' lang='lat' dir='ltr'>post,</span> 
     </span>
     <span class='ocr_line' id='line_1_11' title="bbox 346 981 2040 1039; baseline -0.001 -14"><span class='ocrx_word' id='word_1_83' title='bbox 346 983 511 1039; x_wconf 87' lang='lat' dir='ltr'>pariter</span> <span class='ocrx_word' id='word_1_84' title='bbox 551 982 764 1024; x_wconf 76' lang='lat' dir='ltr'>uxoribus</span> <span class='ocrx_word' id='word_1_85' title='bbox 805 981 978 1023; x_wconf 88' lang='lat' dir='ltr'>lemniis</span> <span class='ocrx_word' id='word_1_86' title='bbox 1020 982 1218 1023; x_wconf 89' lang='lat' dir='ltr'>nondum</span> <span class='ocrx_word' id='word_1_87' title='bbox 1257 981 1501 1037; x_wconf 88' lang='lat' dir='ltr'>repudiatis</span> <span class='ocrx_word' id='word_1_88' title='bbox 1516 981 1542 1033; x_wconf 81' lang='lat'>1)</span> <span class='ocrx_word' id='word_1_89' title='bbox 1585 995 1717 1037; x_wconf 89' lang='lat' dir='ltr'>quam</span> <span class='ocrx_word' id='word_1_90' title='bbox 1757 981 1951 1024; x_wconf 86' lang='lat' dir='ltr'>lacaenis</span> <span class='ocrx_word' id='word_1_91' title='bbox 1995 981 2040 1023; x_wconf 88' lang='lat' dir='ltr'>in</span> 
     </span>
     <span class='ocr_line' id='line_1_12' title="bbox 346 1051 2040 1108; baseline -0.002 -11"><span class='ocrx_word' id='word_1_92' title='bbox 346 1068 498 1097; x_wconf 87' lang='lat' dir='ltr'>earum</span> <span class='ocrx_word' id='word_1_93' title='bbox 530 1054 674 1095; x_wconf 92' lang='lat' dir='ltr'>locum</span> <span class='ocrx_word' id='word_1_94' title='bbox 709 1052 978 1099; x_wconf 75' lang='lat' dir='ltr'>substitutis:</span> <span class='ocrx_word' id='word_1_95' title='bbox 1023 1066 1168 1104; x_wconf 87' lang='lat' dir='ltr'>nemo,</span> <span class='ocrx_word' id='word_1_96' title='bbox 1208 1052 1402 1108; x_wconf 90' lang='lat' dir='ltr'>inquam,</span> <span class='ocrx_word' id='word_1_97' title='bbox 1445 1053 1557 1094; x_wconf 92' lang='lat' dir='ltr'>haec</span> <span class='ocrx_word' id='word_1_98' title='bbox 1590 1051 1737 1094; x_wconf 88' lang='lat' dir='ltr'>omnia</span> <span class='ocrx_word' id='word_1_99' title='bbox 1768 1051 1830 1094; x_wconf 88' lang='lat' dir='ltr'>ita</span> <span class='ocrx_word' id='word_1_100' title='bbox 1862 1065 2040 1108; x_wconf 88' lang='lat' dir='ltr'>compo-</span> 
     </span>
     <span class='ocr_line' id='line_1_13' title="bbox 346 1122 2040 1179; baseline -0.002 -12"><span class='ocrx_word' id='word_1_101' title='bbox 346 1125 518 1176; x_wconf 84' lang='lat' dir='ltr'>suisset,</span> <span class='ocrx_word' id='word_1_102' title='bbox 565 1124 649 1165; x_wconf 89' lang='lat' dir='ltr'>nisi</span> <span class='ocrx_word' id='word_1_103' title='bbox 694 1123 766 1165; x_wconf 90' lang='lat' dir='ltr'>illa</span> <span class='ocrx_word' id='word_1_104' title='bbox 807 1126 955 1166; x_wconf 88' lang='lat' dir='ltr'>aetate</span> <span class='ocrx_word' id='word_1_105' title='bbox 990 1123 1122 1178; x_wconf 83' lang='lat' dir='ltr'>vulgo</span> <span class='ocrx_word' id='word_1_106' title='bbox 1158 1137 1236 1179; x_wconf 91' lang='lat' dir='ltr'>pro</span> <span class='ocrx_word' id='word_1_107' title='bbox 1271 1126 1391 1166; x_wconf 91' lang='lat' dir='ltr'>certo</span> <span class='ocrx_word' id='word_1_108' title='bbox 1425 1122 1684 1165; x_wconf 86' lang='lat' dir='ltr'>habuissent</span> <span class='ocrx_word' id='word_1_109' title='bbox 1716 1122 1904 1177; x_wconf 74' lang='lat' dir='ltr'>Minyas,</span> <span class='ocrx_word' id='word_1_110' title='bbox 1949 1137 2040 1165; x_wconf 91' lang='lat' dir='ltr'>non</span> 
     </span>
     <span class='ocr_line' id='line_1_14' title="bbox 345 1192 2040 1247; baseline -0.002 -9"><span class='ocrx_word' id='word_1_111' title='bbox 345 1194 722 1238; x_wconf 89' lang='lat' dir='ltr'>Lacedaemonios</span> <span class='ocrx_word' id='word_1_112' title='bbox 756 1195 947 1236; x_wconf 90' lang='lat' dir='ltr'>Theram</span> <span class='ocrx_word' id='word_1_113' title='bbox 980 1194 1251 1247; x_wconf 85' lang='lat' dir='ltr'>condidisse3</span> <span class='ocrx_word' id='word_1_114' title='bbox 1292 1208 1424 1236; x_wconf 89' lang='lat' dir='ltr'>nemo</span> <span class='ocrx_word' id='word_1_115' title='bbox 1465 1193 1582 1236; x_wconf 90' lang='lat' dir='ltr'>enim</span> <span class='ocrx_word' id='word_1_116' title='bbox 1622 1193 1772 1236; x_wconf 86' lang='lat' dir='ltr'>studet</span> <span class='ocrx_word' id='word_1_117' title='bbox 1812 1192 1894 1234; x_wconf 89' lang='lat' dir='ltr'>sibi</span> <span class='ocrx_word' id='word_1_118' title='bbox 1925 1193 2040 1235; x_wconf 83' lang='lat' dir='ltr'>diffi-</span> 
     </span>
     <span class='ocr_line' id='line_1_15' title="bbox 346 1263 2038 1320; baseline -0.001 -12"><span class='ocrx_word' id='word_1_119' title='bbox 346 1266 533 1308; x_wconf 87' lang='lat' dir='ltr'>cultates</span> <span class='ocrx_word' id='word_1_120' title='bbox 579 1269 619 1308; x_wconf 89' lang='lat' dir='ltr'>et</span> <span class='ocrx_word' id='word_1_121' title='bbox 665 1264 1040 1307; x_wconf 86' lang='lat' dir='ltr'>inconcinnitates</span> <span class='ocrx_word' id='word_1_122' title='bbox 1086 1279 1218 1320; x_wconf 89' lang='lat' dir='ltr'>quam</span> <span class='ocrx_word' id='word_1_123' title='bbox 1266 1264 1482 1306; x_wconf 82' lang='lat' dir='ltr'>maximas</span> <span class='ocrx_word' id='word_1_124' title='bbox 1531 1278 1702 1320; x_wconf 89' lang='lat' dir='ltr'>parare,</span> <span class='ocrx_word' id='word_1_125' title='bbox 1757 1263 1841 1306; x_wconf 91' lang='lat' dir='ltr'>nisi</span> <span class='ocrx_word' id='word_1_126' title='bbox 1893 1264 2038 1307; x_wconf 89' lang='lat' dir='ltr'>debet.</span> 
     </span>
     <span class='ocr_line' id='line_1_16' title="bbox 344 1335 2040 1392; baseline -0.001 -14"><span class='ocrx_word' id='word_1_127' title='bbox 344 1337 519 1392; x_wconf 73' lang='lat' dir='ltr'>Minyas</span> <span class='ocrx_word' id='word_1_128' title='bbox 560 1335 810 1378; x_wconf 81' lang='lat' dir='ltr'>fabularum</span> <span class='ocrx_word' id='word_1_129' title='bbox 853 1335 1090 1391; x_wconf 87' lang='lat' dir='ltr'>scriptores</span> <span class='ocrx_word' id='word_1_130' title='bbox 1137 1349 1237 1377; x_wconf 89' lang='lat' dir='ltr'>cum</span> <span class='ocrx_word' id='word_1_131' title='bbox 1280 1335 1491 1386; x_wconf 87' lang='lat' dir='ltr'>dicerent,</span> <span class='ocrx_word' id='word_1_132' title='bbox 1537 1349 1611 1377; x_wconf 91' lang='lat' dir='ltr'>eos</span> <span class='ocrx_word' id='word_1_133' title='bbox 1644 1335 1929 1390; x_wconf 78' lang='lat' dir='ltr'>Argonautas</span> <span class='ocrx_word' id='word_1_134' title='bbox 1962 1349 2040 1378; x_wconf 82' lang='lat' dir='ltr'>vo-</span> 
     </span>
     <span class='ocr_line' id='line_1_17' title="bbox 343 1405 2039 1463; baseline -0.002 -13"><span class='ocrx_word' id='word_1_135' title='bbox 343 1408 477 1451; x_wconf 82' lang='lat' dir='ltr'>luisse</span> <span class='ocrx_word' id='word_1_136' title='bbox 500 1407 650 1463; x_wconf 87' lang='lat' dir='ltr'>paullo</span> <span class='ocrx_word' id='word_1_137' title='bbox 680 1406 795 1448; x_wconf 79' lang='lat' dir='ltr'>infra</span> <span class='ocrx_word' id='word_1_138' title='bbox 827 1405 1185 1457; x_wconf 86' lang='lat' dir='ltr'>demonstraturi,</span> <span class='ocrx_word' id='word_1_139' title='bbox 1220 1405 1339 1457; x_wconf 89' lang='lat' dir='ltr'>item,</span> <span class='ocrx_word' id='word_1_140' title='bbox 1375 1406 1594 1461; x_wconf 91' lang='lat' dir='ltr'>quomodo</span> <span class='ocrx_word' id='word_1_141' title='bbox 1618 1405 1906 1460; x_wconf 81' lang='lat' dir='ltr'>Argonautae</span> <span class='ocrx_word' id='word_1_142' title='bbox 1940 1419 2039 1447; x_wconf 90' lang='lat' dir='ltr'>cum</span> 
     </span>
     <span class='ocr_line' id='line_1_18' title="bbox 345 1475 2041 1533; baseline -0.002 -12"><span class='ocrx_word' id='word_1_143' title='bbox 345 1478 572 1521; x_wconf 84' lang='lat' dir='ltr'>Thessalia</span> <span class='ocrx_word' id='word_1_144' title='bbox 620 1478 901 1527; x_wconf 86' lang='lat' dir='ltr'>cohaereant,</span> <span class='ocrx_word' id='word_1_145' title='bbox 956 1478 1102 1533; x_wconf 90' lang='lat' dir='ltr'>paullo</span> <span class='ocrx_word' id='word_1_146' title='bbox 1146 1476 1260 1519; x_wconf 76' lang='lat' dir='ltr'>infra</span> <span class='ocrx_word' id='word_1_147' title='bbox 1303 1476 1565 1532; x_wconf 82' lang='lat' dir='ltr'>explicaturi</span> <span class='ocrx_word' id='word_1_148' title='bbox 1610 1490 1779 1528; x_wconf 71' lang='lat' dir='ltr'>sumus,</span> <span class='ocrx_word' id='word_1_149' title='bbox 1831 1475 2041 1531; x_wconf 86' lang='lat' dir='ltr'>quoniam</span> 
     </span>
     <span class='ocr_line' id='line_1_19' title="bbox 344 1546 2039 1603; baseline -0.002 -12"><span class='ocrx_word' id='word_1_150' title='bbox 344 1553 495 1592; x_wconf 90' lang='lat' dir='ltr'>tamen</span> <span class='ocrx_word' id='word_1_151' title='bbox 535 1550 645 1591; x_wconf 87' lang='lat' dir='ltr'>haec</span> <span class='ocrx_word' id='word_1_152' title='bbox 687 1547 888 1603; x_wconf 82' lang='lat' dir='ltr'>quaestio</span> <span class='ocrx_word' id='word_1_153' title='bbox 922 1548 1108 1589; x_wconf 88' lang='lat' dir='ltr'>multum</span> <span class='ocrx_word' id='word_1_154' title='bbox 1144 1551 1187 1590; x_wconf 89' lang='lat' dir='ltr'>et</span> <span class='ocrx_word' id='word_1_155' title='bbox 1226 1546 1340 1603; x_wconf 90' lang='lat' dir='ltr'>spati</span> <span class='ocrx_word' id='word_1_156' title='bbox 1381 1550 1425 1589; x_wconf 90' lang='lat' dir='ltr'>et</span> <span class='ocrx_word' id='word_1_157' title='bbox 1463 1561 1624 1603; x_wconf 84' lang='lat' dir='ltr'>operae</span> <span class='ocrx_word' id='word_1_158' title='bbox 1666 1546 1863 1603; x_wconf 88' lang='lat' dir='ltr'>requirit,</span> <span class='ocrx_word' id='word_1_159' title='bbox 1905 1546 2039 1589; x_wconf 85' lang='lat' dir='ltr'>inter—</span> 
     </span>
     <span class='ocr_line' id='line_1_20' title="bbox 345 1618 1370 1674; baseline -0.003 -12"><span class='ocrx_word' id='word_1_160' title='bbox 345 1621 449 1662; x_wconf 90' lang='lat' dir='ltr'>dum</span> <span class='ocrx_word' id='word_1_161' title='bbox 482 1620 526 1661; x_wconf 88' lang='lat' dir='ltr'>in</span> <span class='ocrx_word' id='word_1_162' title='bbox 559 1619 710 1661; x_wconf 81' lang='lat' dir='ltr'>fabula</span> <span class='ocrx_word' id='word_1_163' title='bbox 743 1623 953 1674; x_wconf 86' lang='lat' dir='ltr'>spartana</span> <span class='ocrx_word' id='word_1_164' title='bbox 987 1618 1370 1660; x_wconf 85' lang='lat' dir='ltr'>commorabimur.</span> 
     </span>
    </p>

    <p class='ocr_par' dir='ltr' id='par_1_3' title="bbox 344 1689 2092 2668">
     <span class='ocr_line' id='line_1_21' title="bbox 462 1689 2041 1744; baseline -0.002 -12"><span class='ocrx_word' id='word_1_165' title='bbox 462 1691 554 1733; x_wconf 91' lang='lat' dir='ltr'>Iam</span> <span class='ocrx_word' id='word_1_166' title='bbox 596 1690 721 1732; x_wconf 87' lang='lat' dir='ltr'>multi</span> <span class='ocrx_word' id='word_1_167' title='bbox 764 1690 807 1730; x_wconf 90' lang='lat' dir='ltr'>in</span> <span class='ocrx_word' id='word_1_168' title='bbox 851 1703 901 1732; x_wconf 91' lang='lat' dir='ltr'>eo</span> <span class='ocrx_word' id='word_1_169' title='bbox 946 1689 1244 1740; x_wconf 79' lang='lat' dir='ltr'>offenderunt,</span> <span class='ocrx_word' id='word_1_170' title='bbox 1293 1689 1411 1744; x_wconf 92' lang='lat' dir='ltr'>quod</span> <span class='ocrx_word' id='word_1_171' title='bbox 1452 1689 1507 1730; x_wconf 92' lang='lat' dir='ltr'>ad</span> <span class='ocrx_word' id='word_1_172' title='bbox 1550 1689 1802 1743; x_wconf 80' lang='lat' dir='ltr'>Taygetum</span> <span class='ocrx_word' id='word_1_173' title='bbox 1843 1690 2041 1730; x_wconf 88' lang='lat' dir='ltr'>montem</span> 
     </span>
     <span class='ocr_line' id='line_1_22' title="bbox 344 1758 2038 1817; baseline -0.003 -13"><span class='ocrx_word' id='word_1_174' title='bbox 344 1762 522 1817; x_wconf 69' lang='lat' dir='ltr'>Minyae</span> <span class='ocrx_word' id='word_1_175' title='bbox 564 1760 829 1817; x_wconf 88' lang='lat' dir='ltr'>appulerint,</span> <span class='ocrx_word' id='word_1_176' title='bbox 874 1774 897 1802; x_wconf 92' lang='lat' dir='ltr'>e</span> <span class='ocrx_word' id='word_1_177' title='bbox 939 1761 1140 1815; x_wconf 62' lang='lat' dir='ltr'>Taygeto</span> <span class='ocrx_word' id='word_1_178' title='bbox 1181 1760 1326 1802; x_wconf 89' lang='lat' dir='ltr'>denuo</span> <span class='ocrx_word' id='word_1_179' title='bbox 1373 1759 1563 1801; x_wconf 87' lang='lat' dir='ltr'>Theram</span> <span class='ocrx_word' id='word_1_180' title='bbox 1605 1772 1761 1801; x_wconf 87' lang='lat' dir='ltr'>versus</span> <span class='ocrx_word' id='word_1_181' title='bbox 1807 1758 2038 1811; x_wconf 75' lang='lat' dir='ltr'>solverint,</span> 
     </span>
     <span class='ocr_line' id='line_1_23' title="bbox 347 1828 2036 1887; baseline -0.003 -12"><span class='ocrx_word' id='word_1_182' title='bbox 347 1847 424 1875; x_wconf 91' lang='lat' dir='ltr'>cur</span> <span class='ocrx_word' id='word_1_183' title='bbox 447 1832 563 1875; x_wconf 86' lang='lat' dir='ltr'>enim</span> <span class='ocrx_word' id='word_1_184' title='bbox 586 1846 712 1874; x_wconf 85' lang='lat' dir='ltr'>mons</span> <span class='ocrx_word' id='word_1_185' title='bbox 739 1831 813 1887; x_wconf 90' lang='lat' dir='ltr'>qui</span> <span class='ocrx_word' id='word_1_186' title='bbox 837 1835 1036 1873; x_wconf 73' lang='lat' dir='ltr'>extremo</span> <span class='ocrx_word' id='word_1_187' title='bbox 1055 1834 1229 1872; x_wconf 83' lang='lat' dir='ltr'>tantum</span> <span class='ocrx_word' id='word_1_188' title='bbox 1253 1829 1556 1886; x_wconf 87' lang='lat' dir='ltr'>promonturio</span> <span class='ocrx_word' id='word_1_189' title='bbox 1581 1829 1635 1871; x_wconf 91' lang='lat' dir='ltr'>ad</span> <span class='ocrx_word' id='word_1_190' title='bbox 1658 1843 1778 1871; x_wconf 88' lang='lat' dir='ltr'>mare</span> <span class='ocrx_word' id='word_1_191' title='bbox 1802 1828 2036 1884; x_wconf 87' lang='lat' dir='ltr'>pertineat,</span> 
     </span>
     <span class='ocr_line' id='line_1_24' title="bbox 346 1898 2039 1959; baseline -0.002 -14"><span class='ocrx_word' id='word_1_192' title='bbox 346 1903 492 1959; x_wconf 90' lang='lat' dir='ltr'>potius</span> <span class='ocrx_word' id='word_1_193' title='bbox 545 1917 677 1959; x_wconf 88' lang='lat' dir='ltr'>quam</span> <span class='ocrx_word' id='word_1_194' title='bbox 730 1905 884 1958; x_wconf 86' lang='lat' dir='ltr'>portus</span> <span class='ocrx_word' id='word_1_195' title='bbox 936 1902 1019 1944; x_wconf 91' lang='lat' dir='ltr'>hoc</span> <span class='ocrx_word' id='word_1_196' title='bbox 1071 1902 1167 1943; x_wconf 91' lang='lat' dir='ltr'>loco</span> <span class='ocrx_word' id='word_1_197' title='bbox 1223 1899 1621 1943; x_wconf 75' lang='lat' dir='ltr'>commemoratur?</span> <span class='ocrx_word' id='word_1_198' title='bbox 1683 1898 2039 1955; x_wconf 77' lang='lat' dir='ltr'>Explicationem</span> 
     </span>
     <span class='ocr_line' id='line_1_25' title="bbox 346 1969 2038 2029; baseline -0.003 -13"><span class='ocrx_word' id='word_1_199' title='bbox 346 1974 551 2016; x_wconf 90' lang='lat' dir='ltr'>idoneam</span> <span class='ocrx_word' id='word_1_200' title='bbox 583 1987 726 2029; x_wconf 86' lang='lat' dir='ltr'>nuper</span> <span class='ocrx_word' id='word_1_201' title='bbox 758 1973 929 2016; x_wconf 58' lang='lat' dir='ltr'>invenit,</span> <span class='ocrx_word' id='word_1_202' title='bbox 962 1972 1121 2014; x_wconf 90' lang='lat' dir='ltr'>sodalis</span> <span class='ocrx_word' id='word_1_203' title='bbox 1154 1986 1279 2014; x_wconf 89' lang='lat' dir='ltr'>meus</span> <span class='ocrx_word' id='word_1_204' title='bbox 1305 1970 1559 2014; x_wconf 75' lang='lat' dir='ltr'>Ludovicus</span> <span class='ocrx_word' id='word_1_205' title='bbox 1581 1969 1730 2012; x_wconf 89' lang='lat' dir='ltr'>Pareti</span> <span class='ocrx_word' id='word_1_206' title='bbox 1762 1970 1897 2025; x_wconf 87' lang='lat' dir='ltr'>(apud</span> <span class='ocrx_word' id='word_1_207' title='bbox 1924 1969 2038 2012; x_wconf 88' lang='lat' dir='ltr'>Con-</span> 
     </span>
     <span class='ocr_line' id='line_1_26' title="bbox 346 2039 2036 2100; baseline -0.002 -14"><span class='ocrx_word' id='word_1_208' title='bbox 346 2044 571 2096; x_wconf 86' lang='lat' dir='ltr'>stantium,</span> <span class='ocrx_word' id='word_1_209' title='bbox 612 2059 652 2100; x_wconf 90' lang='lat' dir='ltr'>p.</span> <span class='ocrx_word' id='word_1_210' title='bbox 678 2046 769 2095; x_wconf 64' lang='lat' dir='ltr'>38J:</span> <span class='ocrx_word' id='word_1_211' title='bbox 812 2043 949 2085; x_wconf 80' lang='lat' dir='ltr'>fuisse</span> <span class='ocrx_word' id='word_1_212' title='bbox 987 2043 1033 2084; x_wconf 91' lang='lat' dir='ltr'>in</span> <span class='ocrx_word' id='word_1_213' title='bbox 1066 2044 1267 2098; x_wconf 71' lang='lat' dir='ltr'>Taygeto</span> <span class='ocrx_word' id='word_1_214' title='bbox 1309 2043 1468 2094; x_wconf 89' lang='lat' dir='ltr'>locum,</span> <span class='ocrx_word' id='word_1_215' title='bbox 1513 2041 1587 2097; x_wconf 90' lang='lat' dir='ltr'>qui</span> <span class='ocrx_word' id='word_1_216' title='bbox 1623 2042 1762 2097; x_wconf 82' lang='grc' dir='ltr'><em>Θῆραι</em></span> <span class='ocrx_word' id='word_1_217' title='bbox 1803 2039 2036 2092; x_wconf 87' lang='lat' dir='ltr'>diceretur,</span> 
     </span>
     <span class='ocr_line' id='line_1_27' title="bbox 345 2110 2038 2169; baseline -0.002 -12"><span class='ocrx_word' id='word_1_218' title='bbox 345 2115 591 2157; x_wconf 86' lang='lat' dir='ltr'>Pausaniae</span> <span class='ocrx_word' id='word_1_219' title='bbox 631 2114 747 2157; x_wconf 87' lang='lat' dir='ltr'>enim</span> <span class='ocrx_word' id='word_1_220' title='bbox 787 2128 933 2164; x_wconf 81' lang='lat' dir='ltr'>voces,</span> <span class='ocrx_word' id='word_1_221' title='bbox 975 2113 1178 2169; x_wconf 79' lang='lat' dir='ltr'>quamvis</span> <span class='ocrx_word' id='word_1_222' title='bbox 1219 2113 1307 2154; x_wconf 88' lang='lat' dir='ltr'>sint</span> <span class='ocrx_word' id='word_1_223' title='bbox 1344 2113 1596 2163; x_wconf 88' lang='lat' dir='ltr'>lacunosae,</span> <span class='ocrx_word' id='word_1_224' title='bbox 1637 2113 1721 2154; x_wconf 94' lang='lat' dir='ltr'>hoc</span> <span class='ocrx_word' id='word_1_225' title='bbox 1758 2114 1909 2154; x_wconf 89' lang='lat' dir='ltr'>tamen</span> <span class='ocrx_word' id='word_1_226' title='bbox 1943 2110 2038 2153; x_wconf 89' lang='lat' dir='ltr'>sine</span> 
     </span>
     <span class='ocr_line' id='line_1_28' title="bbox 346 2182 2038 2241; baseline -0.002 -14"><span class='ocrx_word' id='word_1_227' title='bbox 346 2186 478 2228; x_wconf 90' lang='lat' dir='ltr'>dubio</span> <span class='ocrx_word' id='word_1_228' title='bbox 511 2184 678 2228; x_wconf 84' lang='lat' dir='ltr'>testari.</span> <span class='ocrx_word' id='word_1_229' title='bbox 725 2184 909 2226; x_wconf 74' lang='lat' dir='ltr'>Dixerat</span> <span class='ocrx_word' id='word_1_230' title='bbox 945 2187 1059 2241; x_wconf 78' lang='grc' dir='ltr'><em>ἄκρα</em></span> <span class='ocrx_word' id='word_1_231' title='bbox 1091 2189 1169 2226; x_wconf 87' lang='grc' dir='ltr'>τοῦ</span> <span class='ocrx_word' id='word_1_232' title='bbox 1205 2185 1425 2239; x_wconf 81' lang='grc' dir='ltr'><em>Ταϋγέτου</em></span> <span class='ocrx_word' id='word_1_233' title='bbox 1454 2184 1646 2225; x_wconf 79' lang='grc' dir='ltr'><strong><em>Ταλετὸν</em></strong></span> <span class='ocrx_word' id='word_1_234' title='bbox 1679 2183 1793 2238; x_wconf 71' lang='grc' dir='ltr'><em>ὑπὲρ</em></span> <span class='ocrx_word' id='word_1_235' title='bbox 1815 2182 2038 2237; x_wconf 79' lang='grc' dir='ltr'><em>Βρυσεῶν</em></span> 
     </span>
     <span class='ocr_line' id='line_1_29' title="bbox 346 2250 2038 2311; baseline -0.003 -13"><span class='ocrx_word' id='word_1_236' title='bbox 346 2259 536 2311; x_wconf 73' lang='grc' dir='ltr'><em>ἀνέχειν,</em></span> <span class='ocrx_word' id='word_1_237' title='bbox 579 2260 673 2298; x_wconf 87' lang='lat' dir='ltr'>tum</span> <span class='ocrx_word' id='word_1_238' title='bbox 714 2255 846 2297; x_wconf 88' lang='lat' dir='ltr'>alium</span> <span class='ocrx_word' id='word_1_239' title='bbox 891 2259 1088 2297; x_wconf 86' lang='lat' dir='ltr'>montem</span> <span class='ocrx_word' id='word_1_240' title='bbox 1131 2256 1315 2311; x_wconf 81' lang='grc' dir='ltr'><em>Εὐόραν</em></span> <span class='ocrx_word' id='word_1_241' title='bbox 1363 2256 1700 2301; x_wconf 55' lang='lat' dir='ltr'>commemorat,</span> <span class='ocrx_word' id='word_1_242' title='bbox 1748 2256 1844 2294; x_wconf 89' lang='lat' dir='ltr'>tum</span> <span class='ocrx_word' id='word_1_243' title='bbox 1891 2250 2038 2308; x_wconf 82' lang='lat' dir='ltr'>pergit</span> 
     </span>
     <span class='ocr_line' id='line_1_30' title="bbox 347 2324 2038 2381; baseline -0.003 -11"><span class='ocrx_word' id='word_1_244' title='bbox 347 2328 423 2377; x_wconf 88' lang='grc' dir='ltr'>(ΙΙΙ</span> <span class='ocrx_word' id='word_1_245' title='bbox 447 2330 597 2379; x_wconf 68' lang='lat'>20,5):</span> <span class='ocrx_word' id='word_1_246' title='bbox 642 2328 834 2370; x_wconf 74' lang='grc' dir='ltr'><em>Ταλετοῦ</em></span> <span class='ocrx_word' id='word_1_247' title='bbox 874 2327 922 2369; x_wconf 82' lang='grc' dir='ltr'>ὁὲ</span> <span class='ocrx_word' id='word_1_248' title='bbox 963 2327 1012 2368; x_wconf 88' lang='grc' dir='ltr'>τὸ</span> <span class='ocrx_word' id='word_1_249' title='bbox 1049 2326 1218 2380; x_wconf 79' lang='grc' dir='ltr'><em>μεταξὺ</em></span> <span class='ocrx_word' id='word_1_250' title='bbox 1259 2328 1335 2368; x_wconf 81' lang='grc' dir='ltr'>καὶ</span> <span class='ocrx_word' id='word_1_251' title='bbox 1368 2326 1522 2381; x_wconf 81' lang='grc' dir='ltr'><em>Εὐόρα</em></span> <span class='ocrx_word' id='word_1_252' title='bbox 1558 2325 1705 2380; x_wconf 82' lang='grc' dir='ltr'><em>Θήρας</em></span> <span class='ocrx_word' id='word_1_253' title='bbox 1739 2324 2038 2377; x_wconf 76' lang='grc' dir='ltr'><em>ὀνομάζοντες</em></span> 
     </span>
     <span class='ocr_line' id='line_1_31' title="bbox 344 2393 2038 2456; baseline -0.004 -14"><span class='ocrx_word' id='word_1_254' title='bbox 344 2401 478 2456; x_wconf 78' lang='grc' dir='ltr'><em>Λητώ</em></span> <span class='ocrx_word' id='word_1_255' title='bbox 513 2415 652 2455; x_wconf 77' lang='grc' dir='ltr'><em>φασιν</em></span> <span class='ocrx_word' id='word_1_256' title='bbox 686 2400 776 2441; x_wconf 81' lang='grc' dir='ltr'>ἀπὸ</span> <span class='ocrx_word' id='word_1_257' title='bbox 809 2404 901 2440; x_wconf 76' lang='grc' dir='ltr'>τῶν</span> <span class='ocrx_word' id='word_1_258' title='bbox 940 2400 1093 2454; x_wconf 79' lang='grc' dir='ltr'><em>ἄκρων</em></span> <span class='ocrx_word' id='word_1_259' title='bbox 1132 2403 1211 2439; x_wconf 83' lang='grc' dir='ltr'>τοῦ</span> <span class='ocrx_word' id='word_1_260' title='bbox 1254 2398 1488 2451; x_wconf 79' lang='grc' dir='ltr'><em>Ταϋγέτου.</em></span> <span class='ocrx_word' id='word_1_261' title='bbox 1555 2394 1766 2450; x_wconf 86' lang='lat' dir='ltr'>Sequitur</span> <span class='ocrx_word' id='word_1_262' title='bbox 1806 2393 2038 2450; x_wconf 79' lang='grc' dir='ltr'><em>Δήμητρος</em></span> 
     </span>
     <span class='ocr_line' id='line_1_32' title="bbox 344 2465 2035 2526; baseline -0.005 -13"><span class='ocrx_word' id='word_1_263' title='bbox 344 2472 581 2526; x_wconf 74' lang='grc' dir='ltr'><em>ἐπίκλησιν</em></span> <span class='ocrx_word' id='word_1_264' title='bbox 612 2471 887 2521; x_wconf 69' lang='grc' dir='ltr'><em>Ἐλευσινίας</em></span> <span class='ocrx_word' id='word_1_265' title='bbox 921 2470 1040 2511; x_wconf 75' lang='grc' dir='ltr'><em>ἐστὶν</em></span> <span class='ocrx_word' id='word_1_266' title='bbox 1074 2471 1207 2524; x_wconf 81' lang='grc' dir='ltr'><em>ἱερόν.</em></span> <span class='ocrx_word' id='word_1_267' title='bbox 1247 2467 1486 2516; x_wconf 90' lang='lat' dir='ltr'>Lacunam,</span> <span class='ocrx_word' id='word_1_268' title='bbox 1521 2466 1640 2522; x_wconf 89' lang='lat' dir='ltr'>quod</span> <span class='ocrx_word' id='word_1_269' title='bbox 1672 2465 1727 2507; x_wconf 88' lang='lat' dir='ltr'>ad</span> <span class='ocrx_word' id='word_1_270' title='bbox 1760 2479 1939 2507; x_wconf 90' lang='lat' dir='ltr'>sensum</span> <span class='ocrx_word' id='word_1_271' title='bbox 1971 2466 2035 2506; x_wconf 92' lang='lat' dir='ltr'>at-</span> 
     </span>
     <span class='ocr_line' id='line_1_33' title="bbox 345 2524 2092 2594; baseline -0.003 -11"><span class='ocrx_word' id='word_1_272' title='bbox 345 2541 457 2583; x_wconf 86' lang='lat' dir='ltr'>tinet</span> <span class='ocrx_word' id='word_1_273' title='bbox 491 2543 624 2592; x_wconf 89' lang='lat' dir='ltr'>recte,</span> <span class='ocrx_word' id='word_1_274' title='bbox 658 2540 719 2581; x_wconf 87' lang='lat' dir='ltr'>ita</span> <span class='ocrx_word' id='word_1_275' title='bbox 751 2539 845 2581; x_wconf 79' lang='lat' dir='ltr'>fere</span> <span class='ocrx_word' id='word_1_276' title='bbox 870 2540 1099 2591; x_wconf 63' lang='grc' dir='ltr'><em>(θεᾶσθαι</em></span> <span class='ocrx_word' id='word_1_277' title='bbox 1134 2541 1213 2594; x_wconf 78' lang='grc' dir='ltr'>τὴν</span> <span class='ocrx_word' id='word_1_278' title='bbox 1238 2539 1468 2593; x_wconf 76' lang='grc' dir='ltr'><em>θυγατέρα</em></span> <span class='ocrx_word' id='word_1_279' title='bbox 1497 2537 1697 2580; x_wconf 80' lang='grc' dir='ltr'><em>ἐνταῦθα</em></span> <span class='ocrx_word' id='word_1_280' title='bbox 1721 2535 2033 2592; x_wconf 82' lang='grc' dir='ltr'><em>θηρεύουσαν&gt;</em></span> <span class='ocrx_word' id='word_1_281' title='bbox 2089 2524 2092 2527; x_wconf 31' lang='lat'><strong>⁴</strong></span> 
     </span>
     <span class='ocr_line' id='line_1_34' title="bbox 344 2610 789 2668; baseline -0.007 -14"><span class='ocrx_word' id='word_1_282' title='bbox 344 2611 568 2668; x_wconf 72' lang='lat' dir='ltr'>supplevit</span> <span class='ocrx_word' id='word_1_283' title='bbox 600 2610 789 2653; x_wconf 82' lang='lat' dir='ltr'>Bekker.</span> 
     </span>
    </p>

    <p class='ocr_par' dir='ltr' id='par_1_4' title="bbox 341 2675 2035 2809">
     <span class='ocr_line' id='line_1_35' title="bbox 460 2675 2035 2724; baseline -0.004 -1"><span class='ocrx_word' id='word_1_284' title='bbox 460 2682 673 2724; x_wconf 89' lang='lat' dir='ltr'>Fabulam</span> <span class='ocrx_word' id='word_1_285' title='bbox 698 2681 751 2723; x_wconf 90' lang='lat' dir='ltr'>de</span> <span class='ocrx_word' id='word_1_286' title='bbox 774 2681 919 2722; x_wconf 91' lang='lat' dir='ltr'>Thera</span> <span class='ocrx_word' id='word_1_287' title='bbox 935 2678 1288 2722; x_wconf 90' lang='lat' dir='ltr'>Lacedaemonio</span> <span class='ocrx_word' id='word_1_288' title='bbox 1308 2679 1478 2720; x_wconf 87' lang='lat' dir='ltr'>Therae</span> <span class='ocrx_word' id='word_1_289' title='bbox 1497 2676 1725 2720; x_wconf 89' lang='lat' dir='ltr'>conditore</span> <span class='ocrx_word' id='word_1_290' title='bbox 1741 2675 2035 2718; x_wconf 83' lang='lat' dir='ltr'>recentiorem</span> 
     </span>
     <span class='ocr_line' id='line_1_36' title="bbox 341 2745 2034 2809; baseline -0.004 -14"><span class='ocrx_word' id='word_1_291' title='bbox 341 2752 478 2795; x_wconf 81' lang='lat' dir='ltr'>fuisse</span> <span class='ocrx_word' id='word_1_292' title='bbox 520 2767 653 2809; x_wconf 88' lang='lat' dir='ltr'>quam</span> <span class='ocrx_word' id='word_1_293' title='bbox 693 2751 889 2793; x_wconf 80' lang='lat' dir='ltr'>fabulam</span> <span class='ocrx_word' id='word_1_294' title='bbox 923 2751 977 2793; x_wconf 90' lang='lat' dir='ltr'>de</span> <span class='ocrx_word' id='word_1_295' title='bbox 1009 2751 1140 2792; x_wconf 89' lang='lat' dir='ltr'>Batto</span> <span class='ocrx_word' id='word_1_296' title='bbox 1173 2750 1354 2792; x_wconf 88' lang='lat' dir='ltr'>theraeo</span> <span class='ocrx_word' id='word_1_297' title='bbox 1389 2747 1665 2803; x_wconf 76' lang='lat' dir='ltr'>Cyrenarum</span> <span class='ocrx_word' id='word_1_298' title='bbox 1698 2745 1926 2789; x_wconf 87' lang='lat' dir='ltr'>conditore</span> <span class='ocrx_word' id='word_1_299' title='bbox 1960 2746 2034 2789; x_wconf 85' lang='lat' dir='ltr'>de-</span> 
     </span>
    </p>
   </div>
   <div class='ocr_carea' id='block_1_3' title="bbox 341 2864 2035 3089">
    <p class='ocr_par' dir='ltr' id='par_1_5' title="bbox 341 2864 2035 3089">
     <span class='ocr_line' id='line_1_37' title="bbox 463 2864 2035 2914; baseline -0.005 -9"><span class='ocrx_word' id='word_1_300' title='bbox 463 2871 486 2914; x_wconf 89' lang='lat'>¹)</span> <span class='ocrx_word' id='word_1_301' title='bbox 518 2870 588 2904; x_wconf 80' lang='lat' dir='ltr'>Cfr.</span> <span class='ocrx_word' id='word_1_302' title='bbox 598 2870 727 2904; x_wconf 85' lang='lat' dir='ltr'>Herod.</span> <span class='ocrx_word' id='word_1_303' title='bbox 737 2870 788 2904; x_wconf 91' lang='lat' dir='ltr'>IV</span> <span class='ocrx_word' id='word_1_304' title='bbox 800 2870 875 2903; x_wconf 81' lang='lat'>145.</span> <span class='ocrx_word' id='word_1_305' title='bbox 892 2889 935 2893; x_wconf 90' lang='lat'>-—</span> <span class='ocrx_word' id='word_1_306' title='bbox 950 2868 1074 2910; x_wconf 85' lang='lat' dir='ltr'>Neque</span> <span class='ocrx_word' id='word_1_307' title='bbox 1087 2878 1172 2902; x_wconf 81' lang='lat' dir='ltr'>vero</span> <span class='ocrx_word' id='word_1_308' title='bbox 1180 2866 1326 2901; x_wconf 76' lang='lat' dir='ltr'>Maassio</span> <span class='ocrx_word' id='word_1_309' title='bbox 1342 2865 1455 2911; x_wconf 88' lang='lat' dir='ltr'><strong>(GGA</strong></span> <span class='ocrx_word' id='word_1_310' title='bbox 1469 2865 1570 2907; x_wconf 83' lang='lat'>1890,</span> <span class='ocrx_word' id='word_1_311' title='bbox 1585 2865 1668 2909; x_wconf 82' lang='lat'>378)</span> <span class='ocrx_word' id='word_1_312' title='bbox 1684 2864 1876 2899; x_wconf 85' lang='lat' dir='ltr'>concedere</span> <span class='ocrx_word' id='word_1_313' title='bbox 1889 2873 2035 2907; x_wconf 89' lang='lat' dir='ltr'>possum</span> 
     </span>
     <span class='ocr_line' id='line_1_38' title="bbox 342 2923 2033 2972; baseline -0.004 -10"><span class='ocrx_word' id='word_1_314' title='bbox 342 2928 549 2971; x_wconf 71' lang='lat' dir='ltr'>Mjnyarum</span> <span class='ocrx_word' id='word_1_315' title='bbox 585 2932 719 2972; x_wconf 77' lang='lat' dir='ltr'>partes,</span> <span class='ocrx_word' id='word_1_316' title='bbox 759 2930 820 2971; x_wconf 85' lang='lat' dir='ltr'>qui</span> <span class='ocrx_word' id='word_1_317' title='bbox 855 2938 893 2962; x_wconf 87' lang='lat' dir='ltr'>se</span> <span class='ocrx_word' id='word_1_318' title='bbox 930 2928 1102 2962; x_wconf 88' lang='lat' dir='ltr'>adversus</span> <span class='ocrx_word' id='word_1_319' title='bbox 1134 2925 1439 2960; x_wconf 83' lang='lat' dir='ltr'>Lacedaemonios</span> <span class='ocrx_word' id='word_1_320' title='bbox 1474 2928 1551 2958; x_wconf 80' lang='lat' dir='ltr'>tam</span> <span class='ocrx_word' id='word_1_321' title='bbox 1586 2925 1751 2967; x_wconf 83' lang='lat' dir='ltr'>ingratos</span> <span class='ocrx_word' id='word_1_322' title='bbox 1788 2923 2033 2966; x_wconf 78' lang='lat' dir='ltr'>praebuerint,</span> 
     </span>
     <span class='ocr_line' id='line_1_39' title="bbox 341 2981 2033 3029; baseline -0.004 -8"><span class='ocrx_word' id='word_1_323' title='bbox 341 2988 490 3021; x_wconf 68' lang='lat' dir='ltr'>miseras</span> <span class='ocrx_word' id='word_1_324' title='bbox 522 2989 696 3029; x_wconf 83' lang='lat' dir='ltr'>quasdam</span> <span class='ocrx_word' id='word_1_325' title='bbox 728 2997 804 3021; x_wconf 88' lang='lat' dir='ltr'>esse</span> <span class='ocrx_word' id='word_1_326' title='bbox 814 2999 820 3029; x_wconf 79' lang='lat'><em>3</em></span> <span class='ocrx_word' id='word_1_327' title='bbox 856 2998 939 3021; x_wconf 87' lang='lat' dir='ltr'>nam</span> <span class='ocrx_word' id='word_1_328' title='bbox 966 2986 1060 3020; x_wconf 82' lang='lat' dir='ltr'>tales</span> <span class='ocrx_word' id='word_1_329' title='bbox 1084 2985 1229 3020; x_wconf 80' lang='lat' dir='ltr'>fabulae</span> <span class='ocrx_word' id='word_1_330' title='bbox 1256 2984 1300 3018; x_wconf 89' lang='lat' dir='ltr'>ad</span> <span class='ocrx_word' id='word_1_331' title='bbox 1325 2984 1437 3018; x_wconf 88' lang='lat' dir='ltr'>bonos</span> <span class='ocrx_word' id='word_1_332' title='bbox 1468 2992 1584 3017; x_wconf 87' lang='lat' dir='ltr'>mores</span> <span class='ocrx_word' id='word_1_333' title='bbox 1610 2992 1680 3016; x_wconf 90' lang='lat' dir='ltr'>non</span> <span class='ocrx_word' id='word_1_334' title='bbox 1706 2984 1884 3024; x_wconf 76' lang='lat' dir='ltr'>spectant.</span> <span class='ocrx_word' id='word_1_335' title='bbox 1935 2981 2033 3015; x_wconf 90' lang='lat' dir='ltr'>Idem</span> 
     </span>
     <span class='ocr_line' id='line_1_40' title="bbox 341 3039 2031 3089; baseline -0.003 -11"><span class='ocrx_word' id='word_1_336' title='bbox 341 3045 503 3089; x_wconf 78' lang='lat' dir='ltr'>neglexit</span> <span class='ocrx_word' id='word_1_337' title='bbox 514 3046 710 3080; x_wconf 81' lang='lat' dir='ltr'>Maltenius</span> <span class='ocrx_word' id='word_1_338' title='bbox 722 3048 767 3089; x_wconf 89' lang='lat' dir='ltr'>(p.</span> <span class='ocrx_word' id='word_1_339' title='bbox 780 3046 871 3089; x_wconf 70' lang='lat'>102),</span> <span class='ocrx_word' id='word_1_340' title='bbox 888 3055 966 3079; x_wconf 85' lang='lat' dir='ltr'>cum</span> <span class='ocrx_word' id='word_1_341' title='bbox 986 3045 1181 3079; x_wconf 72' lang='lat' dir='ltr'>miraretur</span> <span class='ocrx_word' id='word_1_342' title='bbox 1191 3044 1343 3078; x_wconf 79' lang='lat' dir='ltr'>Battum</span> <span class='ocrx_word' id='word_1_343' title='bbox 1357 3042 1504 3076; x_wconf 84' lang='lat' dir='ltr'>balbum</span> <span class='ocrx_word' id='word_1_344' title='bbox 1525 3047 1561 3076; x_wconf 84' lang='lat' dir='ltr'>et</span> <span class='ocrx_word' id='word_1_345' title='bbox 1579 3041 1755 3075; x_wconf 74' lang='lat' dir='ltr'>rusticum</span> <span class='ocrx_word' id='word_1_346' title='bbox 1769 3039 1929 3075; x_wconf 74' lang='lat' dir='ltr'>effictum</span> <span class='ocrx_word' id='word_1_347' title='bbox 1944 3049 2031 3073; x_wconf 84' lang='lat' dir='ltr'>esse.</span> 
     </span>
    </p>
   </div>
  </div>
 </body>
</html>
