2180 3482
674 234 728 268 De
753 245 786 268 v.
805 234 961 275 83—84;
989 234 1030 268 de
1056 245 1113 268 vv.
1132 235 1177 269 85
1189 244 1264 276 sqq.
1760 238 1815 277 63

128 340 261 383 finxit
294 341 365 394 (de
397 339 482 382 def.
508 353 624 382 orac.
647 339 770 380 410b
786 341 899 395 sqq.)
934 354 1065 394 quam
1109 353 1223 395 quae
1256 340 1497 382 Pausanias
1540 341 1593 383 de
1634 340 1817 383 lucerna

129 410 391 453 Atheniensi
413 410 560 452 iactat.
594 409 652 451 At
675 423 731 451 ne
764 409 1022 464 religionem
1046 409 1207 452 Carnei
1231 423 1284 452 ex
1308 410 1536 453 Ammonis
1560 410 1645 453 ritu
1678 410 1815 466 expli-

130 495 294 533 cemus,
323 481 470 523 obstat
493 480 610 536 quod
633 479 720 522 illic
741 480 936 530 lucerna,
960 479 1044 531 hic,
1068 483 1114 522 ut
1140 494 1163 522 e
1187 479 1345 522 cineris
1367 481 1594 523 mentione
1616 485 1815 537 apparet,

128 551 254 594 focus
286 550 494 607 perennis
528 550 722 594 ardebat.

248 621 543 664 Callimachus
566 620 651 663 iam
675 636 700 663 a
721 620 877 663 ritibus
901 621 1150 663 cottidianis
1173 623 1228 663 ad
1246 625 1437 665 aetatem
1455 622 1706 674 revertitur,
1731 637 1818 678 qua

130 692 290 736 Carnei
323 691 617 734 caerimoniae
664 691 708 733 in
742 692 883 746 Libya
931 695 974 734 et
1007 706 1181 735 annuae
1224 695 1267 735 et
1312 695 1555 747 perpetuae
1588 693 1818 735 institutae

132 765 250 805 sunt.
314 762 501 805 Theraei
533 762 767 804 bellatores
800 762 1111 805 describuntur
1144 762 1313 818 patriae
1344 762 1569 817 religionis
1601 776 1818 805 memores

129 832 248 876 feriis
272 832 456 875 Carneis
478 832 692 888 Apollinis
720 832 763 874 in
787 833 1000 875 honorem
1027 833 1240 875 saltantes
1267 848 1367 875 cum
1400 847 1539 875 uxore
1574 832 1819 888 praesentis

130 906 174 946 et
211 903 405 958 benigne
446 903 713 958 aspicientis.
777 903 989 945 Fabulam
1030 903 1073 944 in
1112 903 1365 959 praesentia
1403 903 1694 957 neglegimus,
1737 903 1820 944 nisi

130 974 248 1030 quod
287 988 311 1016 e
349 989 420 1016 vv.
451 976 507 1015 88
551 973 796 1028 colligimus
830 972 1149 1015 Callimachum
1181 973 1345 1029 pariter
1377 976 1512 1029 atque
1545 974 1818 1015 Herodotum

131 1044 208 1098 (IV
245 1047 337 1085 157.
367 1046 463 1095 169)
505 1043 742 1086 credidisse
781 1044 1004 1086 'Pheraeos
1043 1043 1319 1099 aliquantum
1358 1043 1568 1098 temporis
1600 1043 1713 1085 Azili
1744 1044 1820 1085 ha-

129 1115 307 1167 bitasse,
339 1117 580 1170 antequam
605 1114 805 1169 Cyrenas
829 1114 1087 1156 conderent.
1133 1114 1181 1155 Id
1210 1114 1328 1169 quod
1356 1127 1408 1156 ea
1430 1114 1484 1156 de
1518 1128 1651 1156 causa
1683 1128 1821 1168 grave

132 1188 212 1237 est,
263 1185 366 1241 quia
413 1184 563 1227 nescio
613 1199 669 1226 an
714 1183 1008 1227 demonstraii
1054 1184 1195 1240 possit
1234 1183 1554 1227 Callimachum
1602 1185 1685 1227 hoc
1725 1185 1821 1228 loco

131 1256 407 1298 Herodotum
431 1258 534 1298 ante
567 1255 718 1297 oculos
750 1255 970 1297 habuisse.
1007 1254 1088 1297 Cui
1114 1254 1353 1311 suspicioni
1385 1269 1476 1297 non
1510 1255 1670 1307 obstat,
1705 1255 1823 1311 quod

132 1325 426 1369 Callimachus
471 1326 591 1368 illum
636 1326 781 1368 locum
819 1326 1003 1378 ”Αζιλις,
1050 1326 1302 1368 Herodotus
1341 1327 1516 1383 ’Ἆζιριν
1561 1326 1820 1382 appellavit,

131 1395 228 1452 quis
256 1396 374 1439 enim
406 1396 637 1438 mirabitur
669 1410 854 1451 graecos
887 1396 931 1437 in
964 1410 1075 1439 voce
1108 1396 1296 1439 barbara
1328 1396 1656 1452 pronuntianda
1687 1397 1822 1440 inter-

133 1467 236 1509 dum
283 1466 554 1510 haesitasse?
617 1467 765 1522 Atque
814 1466 1109 1509 Callimachus
1157 1466 1273 1509 illam
1326 1481 1481 1510 vocem
1529 1467 1590 1509 ita
1635 1467 1821 1523 scripsit,

132 1537 313 1593 quidni?
362 1541 411 1580 ut
444 1537 537 1580 eius
571 1537 691 1581 cives
730 1537 801 1580 illa
840 1540 987 1580 aetate
1020 1537 1282 1589 efferebant,
1322 1552 1412 1580 non
1451 1541 1500 1579 ut
1532 1537 1577 1579 in
1610 1538 1823 1581 Herodoti

132 1608 459 1664 exemplaribus
493 1608 705 1664 scriptam
738 1609 919 1663 legerat,
978 1609 1224 1664 Utramque
1256 1607 1443 1650 formam
1476 1608 1598 1651 novit
1635 1609 1853 1664 St,epha-‘

131 1693 214 1720 nus
230 1678 271 1730 ¹).
335 1679 477 1722 Favet
530 1681 685 1721 contra
731 1678 790 1719 illi
842 1678 1041 1734 opinioni
1092 1679 1328 1722 verborum
1376 1679 1511 1721 mirus
1560 1693 1821 1721 consensus:

131 1749 384 1792 Herodotus
408 1749 523 1792 enim
547 1750 623 1803 (IV
641 1752 738 1804 157)
762 1749 913 1791 Azirin
935 1750 1080 1792 locum
1103 1749 1227 1802 dixit,
1252 1752 1329 1792 τὸν
1347 1753 1488 1792 νάπαι
1509 1783 1515 1790 .
1538 1784 1544 1791 .
1567 1785 1575 1793 .
1595 1751 1823 1793 κάλλισται

131 1819 201 1862 ἐπ’
224 1823 453 1877 ἀμφότερα
477 1822 777 1876 συγκληίουσι,
803 1820 1099 1863 Callimachus
1128 1821 1314 1863 eandem
1337 1820 1480 1862 Azilin
1513 1822 1572 1874 (v.
1597 1823 1670 1875 89)
1703 1820 1823 1864 silvis

132 1891 328 1942 densam,
375 1895 572 1948 πυκινὴν
605 1894 771 1945 νάπαις
813 1891 942 1944 dixit3
989 1891 1095 1933 illud
1139 1905 1245 1934 vero
1289 1892 1407 1947 quod
1447 1894 1513 1935 est
1551 1895 1692 1935 νάπαι
1732 1906 1823 1934 non

250 2033 275 2077 ¹)
302 2033 345 2067 In
370 2036 582 2068 transcursu
607 2036 731 2068 tamen
758 2044 882 2067 moneo
910 2044 980 2067 non
1007 2043 1152 2077 prorsus
1180 2036 1346 2068 constare
1378 2034 1553 2075 quomodo
1580 2033 1824 2068 Callimachus

131 2093 326 2135 scripserit.
377 2092 547 2136 Legimus
573 2094 668 2126 enim
695 2092 789 2136 apud
817 2091 1039 2136 Stephanum
1065 2092 1287 2135 Byzantium
1314 2103 1339 2126 s.
1360 2104 1391 2126 v.
1419 2092 1592 2138 ’'Ag‘mtcg·
1621 2093 1735 2134 πόλις
1760 2092 1825 2125 Λι-

131 2152 233 2194 βύης·
266 2154 302 2185 οἱ
335 2151 374 2185 δὲ
406 2153 493 2196 περὶ
519 2151 761 2186 Σαλούστιον
793 2153 837 2185 οὐ
870 2151 1000 2194 πόλιν,
1033 2151 1138 2185 ἀλλὰ
1166 2153 1280 2185 τόπον
1307 2153 1401 2196 φασὶ
1427 2153 1489 2185 καὶ
1516 2153 1688 2196 ποταμὸν
1713 2153 1825 2185 εἶναι.

131 2208 330 2244 Salustium
352 2211 589 2253 interpretem
606 2209 708 2244 illum
727 2209 1008 2245 Callimacheum
1035 2209 1124 2244 dicit
1149 2210 1422 2244 nobilissimum.
1450 2222 1471 2244 a
1496 2221 1564 2251 quo
1591 2210 1824 2254 etymologos,

131 2267 405 2312 lexicographos
440 2268 622 2312 permulta
660 2272 846 2303 mutuatos
888 2279 964 2303 esse
1003 2279 1098 2302 nunc
1134 2270 1231 2302 inter
1269 2279 1390 2303 omnes
1429 2272 1590 2311 constat;
1634 2269 1696 2303 ubi
1737 2268 1826 2302 haec

133 2326 327 2362 Sallustius
375 2327 547 2361 disseruit
592 2328 663 2362 nisi
700 2328 737 2361 in
780 2327 1016 2361 adnotatione
1059 2327 1103 2361 ad
1145 2326 1239 2360 hunc
1277 2328 1395 2370 ipsum
1434 2327 1645 2361 Callimachi
1684 2327 1825 2362 locum?

130 2386 281 2420 Accedit
307 2386 399 2428 quod
425 2386 621 2421 scholiasta
646 2387 735 2420 item
761 2386 954 2420 adnotavit
981 2386 1137 2431 ’Ἃζιλις
1163 2387 1248 2431 ὄρος
1273 2388 1337 2420 καὶ
1364 2388 1532 2431 ποταμὸς
1555 2385 1714 2430 Λιβύης;
1741 2397 1826 2429 pen-

132 2445 192 2479 det
217 2445 357 2480 scilicet
382 2445 442 2479 ille
475 2447 613 2488 pariter
639 2456 660 2479 a
686 2445 870 2480 Sallustio⁵
912 2444 1083 2486 Sequitur
1109 2445 1204 2487 apud
1231 2444 1453 2488 Stephanum
1486 2447 1583 2487 τινὲς
1609 2446 1648 2480 δὲ
1674 2445 1826 2491 ”Αζιριν

131 2504 224 2549 μετὰ
250 2507 314 2538 τοῦ
340 2508 362 2550 ζ)
387 2503 544 2549 λέγουσι
572 2506 634 2538 τὸν
661 2508 797 2549 χῶρον.
848 2504 937 2537 Cum
963 2503 1167 2537 Herodotus
1203 2505 1346 2537 omnino
1378 2514 1448 2537 non
1481 2503 1664 2546 afferatur,
1701 2505 1826 2538 verisi-

131 2562 215 2597 mile
243 2565 298 2597 est
322 2562 411 2597 haec
437 2573 576 2605 quoque
603 2574 620 2597 e
648 2562 813 2597 Sallustii
840 2563 1096 2597 commentario
1122 2562 1283 2605 fluxisse,
1311 2563 1543 2597 verisimilius
1570 2566 1691 2597 tamen
1718 2563 1826 2598 Calli-

132 2621 297 2655 machum
322 2621 481 2667 ’Ἁζιλιν
507 2623 705 2665 scripsisse,
731 2622 885 2667 Ἀζιριν
911 2632 932 2655 a
958 2622 1085 2655 scribis
1112 2621 1169 2655 vel
1188 2632 1209 2655 a
1227 2622 1476 2665 grammaticis
1496 2622 1669 2656 Herodoti
1695 2633 1826 2656 memo-

133 2680 230 2714 ribus
257 2681 518 2724 interpolatum
545 2691 621 2715 esse
647 2691 755 2723 quam
781 2680 883 2715 illum
909 2680 1062 2725 ’Ἀζιριν
1087 2679 1256 2722 voluisse,
1284 2680 1442 2725 ’Ἀζιλιν
1469 2680 1710 2723 corruptelam
1737 2690 1824 2715 esse.

134 2738 364 2782 Quantopere
390 2740 455 2773 illa
480 2741 626 2774 nomina
652 2740 809 2774 barbara
834 2740 988 2781 varient,
1016 2738 1177 2772 ostendit
1201 2739 1315 2773 forma
1339 2739 1507 2784 Ἂζιρον,
1542 2749 1648 2781 quam
1676 2739 1825 2782 Stepha-

134 2807 200 2832 nus
222 2808 240 2832 e
259 2798 418 2833 Charace
436 2798 559 2842 affert;
587 2800 783 2833 ostendunt
808 2799 944 2833 formae
970 2799 1138 2842 va'g‘apvyv
1159 2801 1196 2831 et
1213 2799 1414 2843 ναζάριὸος
1433 2799 1469 2831 in
1489 2798 1608 2831 codice
1627 2797 1825 2832 Stadiasmi

132 2855 246 2891 Maris
264 2857 389 2901 Magni
413 2857 433 2902 ξ
453 2858 508 2900 46,
528 2858 584 2901 47,
611 2859 756 2892 etiamsi
774 2858 995 2901 depravatae
1023 2856 1106 2890 sint.
1135 2876 1178 2880 —
1205 2856 1362 2890 Ethnica
1388 2856 1433 2890 ab
1453 2856 1603 2901 ’Ἀζιρις
1621 2856 1825 2899 Stephanus

135 2915 211 2958 ipse
228 2915 346 2959 finxit,
372 2926 443 2951 non
469 2916 565 2960 apud
591 2917 785 2960 scriptores
810 2916 912 2960 legit,
938 2915 974 2949 id
995 2916 1088 2958 quod
1107 2916 1186 2959 ipsa
1212 2916 1288 2949 eius
1314 2915 1424 2949 verba
1451 2925 1563 2959 paene
1590 2915 1824 2950 confitentur:

132 2975 271 3016 pariter
295 2975 390 3009 enim
414 2974 480 3009 illa
505 2986 527 3009 a
552 2979 681 3010 neutro
709 2979 818 3017 atque
845 2986 867 3009 a
892 2975 1062 3009 feminino
1089 2974 1241 3017 derivat,
1274 2975 1463 3016 utriusque
1495 2974 1630 3008 formae
1661 2975 1823 3009 rationes

134 3032 313 3075 explicat:
340 3033 437 3068 locos
463 3044 547 3078 ergo
575 3033 789 3068 Callimachi
815 3037 852 3068 et
878 3033 1049 3068 Characis
1075 3033 1189 3076 novit,
1216 3032 1333 3067 nullos
1359 3032 1459 3067 alios.
