2180 3482
399 234 454 274 30
1036 229 1089 264 De
1115 229 1244 274 hymno
1271 229 1450 274 Apollinis

397 337 530 393 lapidi
563 336 813 392 inscriptus,
848 336 925 379 sed
947 350 973 378 a
997 336 1136 378 multo
1159 336 1403 379 vetustiore
1424 337 1730 393 transcriptus.
1784 338 1933 394 Atque
1956 338 2087 381 etiam

398 423 517 450 nunc
556 406 879 450 dedicationem
918 406 1105 462 legimus
1152 407 1258 449 satis
1299 407 1527 463 antiquam
1567 408 1727 462 (Lebas
1765 409 1826 450 III
1856 411 1956 461 504)
1996 415 2087 453 τῶν

399 480 795 536 στρατευσαμένων
828 479 877 521 ἐν
910 482 962 534 τῇ
993 481 1188 534 τετρήρει
1220 484 1554 534 ναυαρχοῦντος
1584 480 1808 535 Φιλάγρου
1839 486 1918 522 τοῦ
1944 480 2086 537 Δημη-

394 553 517 607 τρίου
551 552 625 592 καὶ
657 551 927 605 τριηράρχου
959 547 1319 604 Ἀνὸροσθένους
1358 555 1435 592 τοῦ
1473 550 1737 604 ”Ανὸρωνος
1783 549 1975 605 Apollini
2007 550 2086 592 Ar-

396 621 611 676 chegetae
645 623 687 662 et
709 618 973 674 Aesculapio
1006 618 1182 660 factam.
1234 619 1498 662 Sacerdotes
1531 619 1644 661 illius
1678 620 1749 662 dei
1779 620 1917 662 titulis
1949 621 2086 663 multo

395 690 714 734 recentioribus
746 689 1033 731 nominantur
1067 688 1224 739 (BCH
1246 689 1306 731 IV
1346 691 1468 741 1880,
1494 692 1592 741 397,
1625 705 1689 732 nr.
1713 692 1760 742 4;
1793 693 1893 742 401,
1920 706 1986 733 nr.
2015 693 2085 745 123

393 765 492 814 402,
526 777 591 803 nr.
622 764 690 810 13;
724 761 831 802 XIV
859 762 982 811 1890,
1013 761 1107 811 102)
1124 760 1165 811 1).
1213 759 1482 815 Ἀρχηγέσια
1503 759 1639 802 feriae
1671 760 2087 804 Halicarnassenses

395 835 797 876 commemorantur
828 830 873 872 in
904 830 1031 872 titulo
1067 829 1157 872 Coo
1187 832 1280 881 105,
1306 833 1367 872 13.
1393 832 1443 872 16
1466 830 1639 872 Pat.-H.
1664 831 1818 886 Myndi
1850 831 1895 873 in
1925 832 2086 888 oppido

395 904 523 946 Cario
562 903 716 945 titulus
755 908 958 957 repertus
1004 904 1083 952 est,
1125 900 1170 942 in
1209 915 1296 956 quo
1337 900 1549 956 scriptum
1589 904 1656 944 est
1694 903 1822 955 θεοῖς
1861 907 2087 959 πατρῴοις

393 979 467 1018 καὶ
500 974 758 1017 Ἀπόλλωνι
790 972 1036 1029 Ἀρχηγέτῃ
1076 971 1232 1024 (BGH
1255 972 1342 1013 XII
1371 974 1492 1023 1888,
1514 973 1611 1023 281,
1636 987 1701 1014 nr.
1722 975 1780 1026 6),
1822 972 1980 1015 aetatis
2018 987 2085 1016 ro-

392 1059 551 1087 manae
582 1045 654 1087 ille
687 1043 865 1100 quidem
898 1045 939 1085 et
974 1042 1151 1084 Traiani
1182 1041 1457 1098 temporibus
1489 1042 1689 1095 inferior3
1731 1043 1937 1085 sacerdos
1970 1043 2087 1086 enim

392 1117 448 1158 M.
479 1115 634 1171 Ulpius
680 1114 894 1156 Traianus
935 1113 1196 1169 appellatur.
1269 1113 1403 1155 Festa
1441 1112 1752 1156 Ἀπολλώνεια
1792 1113 1885 1157 sive
1924 1113 2085 1157 Ἀπολ-

391 1188 588 1237 λωνίεια,
624 1199 739 1241 quae
761 1185 820 1226 ibi
842 1184 962 1226 facta
995 1197 1092 1226 esse
1125 1183 1356 1225 didicimus
1390 1197 1413 1226 e
1444 1183 1582 1225 titulis
1607 1184 1709 1226 Cois
1741 1187 1857 1238 (104,
1888 1187 1957 1236 14;
1990 1188 2084 1237 105,

392 1260 481 1312 21),
517 1260 866 1300 consentaneum
902 1258 981 1307 est,
1015 1255 1060 1296 in
1094 1254 1303 1310 oppidulo
1337 1254 1589 1311 praecipue,
1630 1255 1869 1298 conditoris
1908 1257 1980 1299 vel
2012 1257 2084 1298 de-

392 1328 586 1371 ductoris
619 1328 663 1369 in
696 1328 922 1378 honorem,
956 1340 1047 1367 non
1076 1325 1305 1381 Apollinis,
1339 1325 1543 1368 instituta
1576 1340 1684 1369 esse.
1733 1326 1879 1368 Etiam
1912 1326 1956 1368 in
1981 1327 2084 1370 civi-

391 1399 556 1441 tatibus
595 1400 742 1441 aetate
776 1398 952 1439 demum
992 1395 1269 1438 hellenistica
1310 1395 1497 1438 conditis
1537 1396 1609 1438 illa
1646 1396 1797 1452 religio
1839 1397 1992 1452 viguit,
2034 1400 2083 1440 ut

389 1470 592 1512 Attaleae
623 1468 668 1510 in
697 1467 959 1524 Pamphylia
991 1470 1137 1509 aetate
1170 1481 1352 1509 romana
1386 1466 1539 1520 (BGH
1562 1467 1643 1509 VII
1672 1470 1794 1520 1883,
1829 1470 1913 1509 263
1946 1482 2011 1510 nr.
2038 1470 2077 1520 5,

390 1557 430 1584 v.
456 1543 590 1593 6—73
619 1542 718 1591 265,
741 1554 807 1582 nr.
832 1541 889 1593 6).
944 1538 1171 1593 Hierapoli
1199 1538 1253 1579 ad
1279 1538 1569 1580 Maeandrum
1596 1537 1679 1579 fuit
1703 1542 1849 1581 aetate
1872 1539 2084 1581 recentis-

389 1611 499 1654 sima
541 1614 710 1654 certum
751 1608 984 1665 collegium
1026 1613 1066 1651 οῐ
1107 1610 1389 1664 σημιαφόροι,
1431 1608 1474 1649 id
1516 1611 1580 1650 est
1627 1612 1675 1650 ut
1717 1608 1904 1651 arbitror
1946 1609 2083 1652 vexil-

390 1682 495 1734 larii,
536 1688 614 1725 τοῦ
652 1682 928 1738 Ἀρχηγέτου
959 1680 1253 1732 ’Λπόλλωνος
1292 1679 1579 1733 (Altertiimer
1611 1693 1701 1722 von
1735 1679 1984 1736 Hierapolis
2016 1695 2081 1722 nr.

394 1756 486 1805 153,
504 1756 567 1807 4),
603 1753 797 1796 secundo
825 1752 896 1795 vel
918 1751 1047 1794 tertio
1082 1750 1256 1793 saeculo
1289 1751 1512 1792 theatrum
1544 1749 1801 1793 Ἀπόλλωνι
1833 1751 2078 1808 Ἀρχηγέτῃ

388 1828 464 1868 καὶ
486 1831 576 1878 τοῖς
600 1826 727 1876 θεοῖς
755 1825 1077 1879 αὐτοκράτορσι
1101 1821 1294 1863 dicatum
1319 1824 1413 1864 erat
1440 1824 1521 1871 (nr.
1541 1823 1588 1873 43
1618 1820 1694 1863 cfr.
1714 1835 1778 1863 nr.
1799 1823 1861 1875 2);
1890 1821 2081 1863 nummis

388 1896 500 1937 illius
536 1895 726 1938 civitatis
759 1893 973 1950 Apollinis
1005 1893 1150 1947 imago
1194 1894 1235 1934 et
1280 1906 1444 1934 nomen
1477 1891 1746 1948 Ἀρχηγέτης
1788 1891 2083 1934 incudebatur

389 1966 485 2021 (cfr.
510 1967 650 2017 Head,
690 1965 789 2007 hist.
815 1963 1005 2006 numm.²
1028 1966 1145 2018 676).
1211 1962 1328 2014 Quin
1369 1962 1501 2005 etiam
1539 1962 1583 2004 in
1622 1962 1720 2005 vico
1755 1962 1963 2017 Phrygio,
2005 1962 2079 2018 qui

386 2052 505 2080 nunc
539 2052 563 2079 a
595 2037 748 2079 Turcis
782 2036 951 2079 Oturak
990 2038 1189 2085 vocatur,
1234 2034 1454 2089 quomodo
1500 2047 1604 2077 vero
1655 2033 1757 2075 olim
1796 2037 1980 2076 vocatus
2023 2033 2079 2075 sit

390 2122 568 2164 prorsus
609 2107 879 2163 ignoramus,
922 2106 1075 2147 titulus
1117 2107 1319 2160 repertus
1362 2107 1428 2146 est
1470 2104 1575 2146 anni
1616 2119 1656 2159 p.
1689 2103 1789 2146 Chr.
1821 2119 1863 2145 n.
1894 2106 1992 2155 315,
2033 2104 2078 2145 111

388 2194 475 2235 quo
532 2181 903 2221 commemoratur
959 2176 1111 2231 religio
1166 2177 1330 2232 Φοίβου
1379 2175 1646 2231 Ἀρχηγέτου
1691 2174 2080 2231 Χρησμοόότουῼ).

506 2334 530 2378 ¹)
559 2333 628 2368 Cfr.
657 2342 748 2374 quae
782 2331 823 2366 de
856 2331 911 2365 his
942 2330 1062 2364 titulis
1088 2331 1229 2363 monuit
1254 2328 1495 2371 Wilhelmius‚
1523 2319 1657 2363 Osterr.
1676 2327 1839 2362 Jahresh.
1858 2328 1947 2363 VIII
1977 2328 2079 2370 1905,

385 2393 453 2427 238
472 2403 545 2435 sqq.
566 2413 608 2416 ——
627 2391 743 2425 Multo
769 2390 888 2434 plures
914 2390 1044 2424 titulos
1062 2389 1402 2422 Halicarnassenses
1430 2387 1594 2421 indicant
1613 2387 1920 2430 Preller-Robert,
1939 2387 2079 2422 Griech.

386 2452 632 2495 Myth.1257‚
648 2450 680 2493 3,
716 2451 753 2483 in
788 2449 918 2491 quibus
952 2454 1075 2482 tamen
1112 2449 1197 2482 deus
1232 2446 1329 2480 nullo
1367 2448 1576 2490 cognomine
1612 2446 1734 2480 addito
1772 2450 2078 2480 commemoretur.

386 2511 452 2546 Sed
480 2510 683 2553 Apollinem
708 2509 957 2543 Halicarnassi
990 2507 1072 2541 aliis
1106 2517 1244 2549 quoque
1271 2505 1542 2549 cognominibus
1577 2505 1759 2538 excultum
1792 2515 1878 2547 esse,
1917 2508 2002 2539 sunt
2027 2505 2080 2538 in—

385 2571 480 2604 dicia
514 2569 644 2612 quibus
680 2567 946 2610 comprobetur:
983 2566 1043 2600 ille
1079 2567 1172 2600 enim
1207 2564 1346 2608 Apollo,
1384 2575 1405 2598 a
1438 2574 1505 2606 quo
1533 2567 1686 2598 exeunte
1714 2564 1744 2599 V
1770 2563 1913 2598 saeculo
1946 2563 2079 2607 (BCH

384 2630 436 2665 IV
457 2629 555 2664 1880.
576 2628 643 2662 295
662 2638 736 2669 sqq.
765 2643 808 2655 =
836 2626 921 2668 Syll.
949 2626 1031 2670 211)
1065 2624 1264 2668 complures
1290 2625 1386 2658 cives
1413 2623 1539 2666 multa,
1574 2623 1698 2657 domus
1730 2622 1868 2665 fundos,
1903 2626 2078 2665 emerunt,

385 2699 466 2722 cum
498 2687 692 2731 Ἀθηναίῃ
719 2690 755 2720 et
781 2685 984 2731 Παρθένῳ,
1011 2695 1081 2719 11011
1108 2694 1187 2718 cum
1212 2683 1380 2725 Neptuno
1418 2686 1460 2716 ut
1492 2682 1712 2726 Archegetes
1744 2681 1844 2726 (Syll.
1870 2680 1964 2725 608),
1998 2691 2079 2715 con-

385 2747 602 2782 sociabatur.

501 2805 528 2849 ᾗ)
556 2805 671 2839 Tituli
698 2805 882 2839 sententia
913 2803 999 2836 mihi
1034 2803 1177 2846 quidem
1208 2812 1278 2835 non
1314 2804 1391 2835 tam
1427 2800 1579 2834 obscura
1613 2799 1767 2842 videtur,
1805 2808 1914 2840 quam
1949 2799 1981 2833 ei
2017 2799 2078 2840 qui

384 2865 487 2899 illum
523 2864 646 2906 edidit,
689 2864 870 2905 Ramsayo
908 2862 1035 2905 (Cities
1071 2862 1140 2895 and
1178 2861 1377 2903 bishoprics
1417 2859 1451 2893 of
1488 2858 1649 2902 Phrygia
1682 2858 1753 2899 12,
1775 2857 1854 2900 566,
1881 2857 2075 2901 111,4691)).

384 2924 596 2964 Ἀθάνατος
622 2922 900 2967 Ἐπιτύγχανος
927 2920 1028 2954 Πίου
1061 2920 1158 2954 filius
1183 2919 1348 2953 sacerdos
1381 2929 1403 2952 a
1430 2918 1483 2951 dis
1509 2916 1735 2951 vaticinandi
1760 2916 1937 2950 facultate
1968 2915 2076 2950 hono-

384 2987 486 3017 ratus
513 2985 578 3022 est,
606 2982 650 3015 ab
677 2982 750 3016 illis
775 2980 990 3015 vaticinium
1018 2980 1170 3022 recepit3
1197 2979 1316 3012 nescio
1335 2987 1381 3011 an
1399 2980 1545 3020 praeter
1562 2977 1776 3010 vaticinium
1795 2976 1906 3008 etiam
1924 2974 2076 3019 θαυμα-

384 3043 570 3086 τουργιάν,
