2180 3482
354 239 435 279 124
981 235 1036 268 De
1061 234 1194 269 fabulis
1217 235 1403 277 cyrenaeis

349 343 529 386 vascula
575 342 759 383 inventa
807 343 910 382 sunt
958 354 1105 396 neque
1145 340 1468 396 Spartanorum
1516 339 1672 381 similia
1718 353 1864 395 neque
1910 339 2040 382 ullius

348 413 535 468 generis.
600 412 636 452 E
679 410 838 452 fabulis
880 425 985 454 vero
1029 412 1173 454 elucet
1212 410 1428 466 originem
1467 425 1568 453 cum
1607 411 1907 453 Theraeorum
1944 412 2040 452 tum

350 483 680 537 Cyrenaeorum
719 483 974 536 spartanam
1013 482 1364 524 additamentum
1399 495 1496 524 esse
1527 480 1882 524 recentissimum
1914 480 2040 522 fabu-

346 554 487 595 larum
519 552 656 594 multo
684 551 991 594 vetustiorum.

466 624 559 665 Iam
582 624 754 678 oportet
779 636 860 664 nos
893 622 948 664 ad
970 622 1204 664 Thessalos
1239 625 1565 665 convertamus.
1613 622 1671 663 At
1705 624 1891 678 quaerat
1924 621 2041 677 quis-

348 694 465 750 piam
509 707 597 749 qua
637 692 802 735 fiducia
841 692 982 734 fretus
1024 691 1240 734 coniciam
1281 695 1372 734 tam
1410 693 1572 734 multos
1610 693 1798 748 populos
1838 692 1966 734 sedes
1997 691 2043 733 in

351 765 506 807 eadem
529 764 697 819 Libyae
731 778 807 806 ora
839 763 1123 806 constituisse
1155 764 1227 806 vel
1260 766 1380 806 certe
1413 762 1684 806 constituere
1716 766 1900 805 conatos
1933 776 2042 815 esse,

348 835 565 891 siquidem
605 834 809 890 Cyrenae
853 848 970 876 anno
1010 835 1187 876 demum
1227 836 1325 885 631,
1372 836 1421 875 ut
1463 833 1683 876 Eusebius
1727 833 1772 875 in
1808 832 2040 876 Chronicis

348 905 495 957 tradit,
531 905 735 948 conditae
769 908 884 950 sunt.
937 905 997 946 At
1018 904 1238 947 Eusebius
1263 904 1463 959 Cyrenas
1496 918 1613 946 anno
1637 906 1722 946 758
1754 904 1825 947 vel
1856 903 2045 946 fortasse

350 978 433 1018 762
468 979 511 1018 et
555 990 671 1018 anno
710 978 820 1018 1333
865 976 937 1019 vel
980 975 1169 1018 fortasse
1207 978 1311 1017 1331
1363 990 1399 1017 a.
1432 974 1533 1017 Chr.
1564 990 1605 1017 n.
1635 974 1801 1031 pariter
1845 974 2046 1017 conditas

349 1050 516 1100 narrat3
567 1061 682 1103 quae
723 1046 835 1089 fides
867 1046 1061 1088 Eusebio
1108 1046 1322 1089 adversus
1354 1044 1597 1088 Eusebium
1638 1045 1725 1087 iam
1767 1045 1863 1087 est?
1912 1047 2047 1100 atque

351 1133 439 1174 qua
470 1118 525 1160 de
559 1132 693 1160 causa
724 1116 925 1173 plerique
957 1131 1104 1159 rerum
1139 1115 1377 1172 scriptores
1416 1130 1583 1158 annum
1616 1117 1696 1157 631
1735 1115 1880 1171 potius
1914 1129 2047 1171 quam

356 1191 467 1231 1333
499 1191 778 1244 receperunt,
819 1187 904 1229 nisi
937 1187 1055 1243 quod
1087 1187 1309 1229 recentior
1341 1189 1464 1229 aetas
1496 1185 1642 1242 potior
1673 1185 1927 1229 videretur?
1989 1185 2048 1226 At

351 1260 682 1314 Theophrastus
717 1260 773 1309 (h.
798 1259 854 1314 pl.
880 1259 940 1300 VI
963 1261 1002 1309 3,
1027 1260 1070 1311 3)
1103 1257 1316 1300 trecentis
1347 1257 1442 1300 fere
1474 1257 1602 1299 annis
1635 1259 1740 1299 ante
1774 1255 2046 1299 Simonidem

351 1331 624 1381 archontem,
666 1329 710 1371 id
743 1332 809 1371 est
842 1332 946 1371 ante
979 1343 1145 1370 annum
1179 1331 1382 1370 311—10
1416 1328 1616 1370 conditas
1651 1327 1776 1380 dicit,
1821 1342 1858 1370 a.
1883 1329 2047 1378 598s97

353 1400 548 1453 Solinu83
596 1399 838 1442 Pausanias
879 1402 1030 1441 narrat
1072 1399 1289 1442 Chionem
1331 1399 1615 1455 Spartanum,
1663 1397 1738 1454 qui
1785 1397 1912 1440 annis
1954 1396 2049 1439 fere

353 1474 585 1513 ees—656
619 1485 655 1512 a.
689 1470 790 1513 Chr.
826 1470 1060 1526 Olympiae
1099 1470 1291 1522 vicisset,
1330 1471 1513 1512 Battum
1546 1469 1747 1525 Cyrenas
1790 1468 2048 1511 comitatum

354 1556 450 1585 esse
468 1542 507 1596 ¹).
572 1542 681 1583 Inde
713 1556 850 1583 unum
885 1545 1005 1584 certe
1039 1541 1331 1593 concluditur,
1364 1540 1473 1582 nihil
1505 1541 1559 1583 de
1592 1543 1739 1583 aetate
1773 1539 2049 1595 Cyrenarum

357 1612 635 1655 conditarum
678 1611 917 1655 memoriae
960 1611 1170 1654 traditum
1210 1611 1359 1654 fuisse.
1424 1610 1510 1664 Qui
1557 1611 1689 1654 etiam
1740 1609 1856 1652 tradi
1905 1609 2049 1666 potuit

357 1683 544 1739 septimo
578 1697 614 1725 a.
645 1682 745 1725 Chr.
774 1698 815 1725 n.
846 1683 1036 1735 saeculo,
1080 1697 1180 1725 cum
1222 1682 1331 1724 nulli
1371 1682 1469 1724 libri
1502 1683 1684 1725 annales
1719 1680 2049 1724 scriberentur?

1187 1815 1212 1854 5

472 1896 558 1948 Qui
590 1895 757 1951 primus
791 1895 1029 1938 ementitus
1064 1898 1130 1938 est
1157 1894 1535 1938 Lacedaemonios
1561 1895 1752 1936 Theram
1786 1892 2048 1944 condidisse,

354 1981 406 2009 ea
452 1969 599 2009 aetate
642 1966 828 2022 scripsit,
879 1981 966 2022 qua
1009 1966 1244 2009 constabat
1288 1966 1463 2020 Minyas
1502 1966 1675 2007 Therae
1722 1963 2052 2020 antiquissimos

356 2038 535 2080 colonos
557 2037 713 2089 fuisse,
750 2038 867 2093 quod
890 2037 974 2078 nisi
1007 2036 1292 2089 constitisset,
1327 2036 1398 2079 ille
1431 2050 1661 2092 nunquam
1682 2034 1844 2090 Minyis
1876 2036 2050 2076 tantum

354 2107 534 2150 honoris
581 2107 886 2150 concessisset.
953 2107 1036 2159 Qui
1076 2107 1255 2162 Minyae
1299 2121 1346 2149 re
1391 2121 1498 2149 vera
1541 2105 1720 2158 fuerint,
1770 2104 1903 2148 etiam
1944 2119 2052 2146 num

354 2179 576 2231 fuerint²)‚
611 2179 666 2220 ad
698 2179 790 2230 has,
825 2193 936 2234 quas
968 2177 1240 2220 instituimus
1266 2178 1321 2219 de
1344 2178 1515 2220 Therae
1548 2179 1592 2220 et
1616 2176 1894 2231 Cyrenarum
1925 2174 2051 2217 fabu-

354 2250 406 2292 lis
451 2249 747 2305 quaestiones,
801 2249 908 2290 nihil
949 2263 1128 2304 prorsus
1172 2247 1349 2299 attinet3
1395 2262 1499 2290 nam
1540 2247 1808 2298 Herodotus,
1858 2245 2051 2302 quoties-

357 2334 547 2376 cumque
580 2320 752 2374 Minyas
795 2319 918 2371 dixit,
972 2319 1206 2361 Thessalos
1248 2319 1405 2371 voluit,
1460 2318 1594 2369 illum,
1644 2317 1719 2373 qui
1760 2316 1956 2359 fabulam
1998 2315 2053 2358 de

358 2391 657 2433 Theraeorum
691 2390 861 2445 origine
895 2393 1104 2446 spartana
1137 2389 1399 2445 composuit,
1434 2389 1613 2431 eosdem
1640 2387 1919 2442 significasse
1950 2385 2054 2428 inde

358 2461 589 2516 colligitur,
643 2462 761 2516 quod
814 2460 1044 2512 Pindarus,
1098 2463 1147 2502 ut
1198 2474 1302 2502 mox
1352 2458 1631 2515 disputaturi*
1670 2472 1835 2509 sumus,
1889 2455 2054 2513 pariter

358 2532 547 2574 Theram
582 2546 607 2573 a
639 2534 774 2586 gente
806 2531 999 2574 thessala
1033 2530 1258 2573 conditam
1289 2530 1427 2573 novit.

476 2686 501 2729 1)
529 2685 628 2719 Haec
666 2686 800 2728 optime
837 2685 1088 2728 disceptarunt
1123 2684 1263 2718 Malten
1300 2694 1333 2727 p.
1364 2684 1536 2726 laosqq.;
1574 2682 1717 2726 Beloch,
1757 2680 1896 2716 Griech.
1927 2680 2053 2715 Gesch.

356 2745 372 2777 Ι
393 2744 423 2787 2,
443 2744 512 2777 236
523 2754 608 2786 sqq.‚
648 2746 709 2786 qui
744 2748 867 2778 tamen
902 2745 1023 2778 nescio
1059 2754 1128 2785 quo
1166 2744 1240 2777 iam
1265 2744 1353 2786 iure,
1390 2753 1470 2776 cum
1496 2741 1586 2775 nihil
1613 2741 1655 2775 de
1682 2743 1805 2775 aetate
1832 2739 2054 2783 Cyrenarum

358 2803 585 2837 conditarum
616 2803 795 2837 traditum
827 2803 1096 2845 demonstrarit,
1134 2801 1277 2837 easdem
1303 2811 1428 2836 rursus
1455 2800 1501 2845 (p.
1521 2799 1603 2844 219)
1629 2799 1710 2835 VII.
1745 2799 1886 2833 demum
1912 2797 2054 2833 saeculo

358 2865 510 2895 exeunte
537 2862 701 2896 conditas
727 2862 895 2896 affirmet.

476 2920 503 2964 ²)
531 2920 600 2955 Cfr.
620 2921 764 2964 Beloch,
803 2920 944 2955 Griech.
965 2919 1160 2963 Gesch.1²,
1181 2919 1242 2962 63;
1277 2919 1338 2960 qui
1370 2922 1492 2953 tamen
1518 2917 1681 2961 neglexit
1705 2917 1906 2951 recentiore
1932 2918 2055 2950 aetate

358 2981 495 3020 poetas,
522 2979 728 3013 fabularum
755 2981 959 3021 scriptores,
993 2979 1186 3013 historicos
1211 2978 1469 3021 pragmaticos,
1497 2987 1578 3010 cum
1603 2976 1758 3010 Boeotos
1784 2975 2056 3017 antiquissimos

360 3036 507 3079 vellent,
535 3038 755 3072 Cadmeones
782 3038 926 3079 dixisse,
955 3048 1034 3071 cum
1061 3037 1254 3071 Thessalos
1280 3036 1435 3079 Minyas.
