2180 3482
724 226 777 259 De
803 226 971 268 pericopa
998 236 1111 268 paene
1136 226 1267 260 ultima
1788 229 1837 267 71

153 333 384 390 spoliatam
424 345 533 376 esse.
596 331 708 373 Item
747 331 801 372 ab
842 334 885 386 ἰὴ
923 330 1027 372 11111(1
1068 335 1159 386 ἱῆτε
1193 330 1467 387 pindaricum
1502 330 1737 373 formatum
1777 334 1842 373 est

153 407 325 460 (paean.
352 403 411 445 VI
440 404 514 443 121
557 403 695 457 μέτρα
727 404 964 457 παιηόνων
998 404 1088 457 ἰῆτε
1121 404 1247 455 νέοι),
1281 404 1328 443 ut
1362 404 1481 443 recte
1515 402 1734 443 Schro'der
1766 402 1841 442 ol)—

152 473 360 517 servavit.

269 545 521 598 Utcumque
561 541 603 583 id
645 545 725 593 est,
774 542 859 583 hoc
899 541 1002 582 mihi
1038 541 1241 584 effecisse
1274 542 1438 594 videor,
1485 546 1529 584 et
1560 542 1841 597 Apollonium

152 617 195 657 et
220 614 537 657 Callimachum
570 612 784 667 originem
818 612 940 655 vocis
972 612 1017 653 in
1050 611 1185 654 sacris
1219 613 1439 655 sollemnis
1473 616 1516 668 ἰὴ
1549 615 1587 655 ἱέ
1620 612 1841 667 explicare

152 684 372 727 studuisse
387 683 427 734 ¹).
482 683 611 725 Nunc
644 696 749 725 vero
783 683 1089 725 demonstrare
1122 682 1166 723 in
1190 682 1335 724 animo
1358 683 1499 725 habeo
1525 682 1839 725 Callimachum

150 755 205 797 ab
242 753 472 809 Apollonio
513 766 778 809 expressum
818 767 927 804 esse,
978 768 1065 795 non
1105 768 1245 795 secus,
1317 753 1415 804 Qua
1455 752 1571 795 enim
1611 753 1665 795 de
1708 767 1842 795 causa

151 824 222 866 hic
254 824 368 866 iusto
403 824 587 865 carmini
621 823 745 879 epico
780 823 875 879 ipsa
907 824 1071 879 Orphei
1105 823 1329 879 precantis
1364 823 1499 866 verba
1533 823 1716 865 inseruit
1749 825 1839 879 ἱλή-

151 905 257 947 κοις·
295 898 383 937 αἰεί
403 910 482 946 τοι,
517 895 646 948 daug,
671 897 853 950 ἄτμητοι
877 895 1064 950 ἔθειραι,
1098 896 1196 937 αἰὲν
1219 895 1442 950 ἀδήλητοι·
1477 895 1563 946 τὼς
1589 896 1672 950 γὰρ
1695 895 1838 948 θέμις,

150 979 263 1021 quae
305 979 405 1007 cum
450 965 650 1007 oratione
693 964 870 1020 obliqua
911 964 1196 1019 praecedenti
1238 966 1454 1019 pugnant,
1503 963 1587 1005 nisi
1630 966 1677 1005 ut
1710 964 1838 1007 Calli-

147 1036 304 1078 macho
337 1035 692 1090 gratificaretur?
754 1034 899 1076 Etiam
938 1034 1044 1076 illud
1083 1037 1168 1087 τὼς
1201 1036 1284 1090 γὰρ
1317 1036 1449 1087 θέμις
1481 1033 1542 1075 ita
1575 1048 1838 1089 supervaca-

147 1119 280 1148 neum
309 1108 387 1157 est,
421 1108 470 1147 ut
496 1105 640 1160 ipsum
673 1104 875 1147 confiteri
908 1104 1112 1147 videatur
1144 1118 1191 1146 se
1223 1103 1411 1147 invitum
1444 1103 1626 1146 carmini
1654 1119 1679 1146 a
1707 1107 1840 1160 poeta

147 1176 430 1218 inculcatum.
494 1174 609 1227 Quid
656 1174 810 1230 plura?
873 1175 1004 1216 Nunc
1051 1174 1228 1216 demum
1275 1174 1558 1229 intellegitur,
1612 1174 1718 1229 quid
1768 1174 1839 1217 ille

148 1260 301 1290 versus
334 1247 473 1289 ἔνθεν
506 1247 560 1302 δὴ
594 1247 694 1288 τόόε
725 1246 866 1288 καλὸν
900 1247 1121 1301 ἐφύμνιον
1147 1247 1307 1288 ἔπλετο
1332 1246 1480 1301 Φοίβῳ
1513 1244 1594 1286 sibi
1625 1245 1710 1287 hoc
1741 1245 1837 1287 loco

148 1316 273 1360 velit:
307 1315 568 1372 Apollonius
602 1315 859 1359 Callimachi
894 1330 1071 1358 carmen
1103 1315 1308 1367 laudat2).

263 1387 357 1429 Iam
398 1386 546 1429 omnia
583 1388 811 1428 transacta
849 1388 1012 1438 essent,
1058 1385 1141 1427 nisi
1175 1386 1369 1442 scrupuli
1402 1388 1641 1439 restarent3
1691 1399 1837 1441 neque

150 1457 267 1501 enim
306 1471 480 1500 sumere
517 1456 634 1509 licet,
678 1471 792 1513 quae
823 1456 1083 1512 Apollonius
1116 1459 1280 1509 narrat,
1324 1457 1471 1498 omnia
1503 1471 1558 1499 ex
1591 1457 1675 1499 hoc
1708 1455 1836 1499 Calli-

146 1528 290 1571 machi
320 1528 417 1570 loco
450 1527 646 1570 fluxisse.
710 1527 748 1569 A
782 1527 1050 1570 Callimacho
1085 1526 1200 1570 enim
1234 1526 1395 1569 Plistus
1428 1526 1591 1570 fluvius
1623 1528 1707 1569 hoc
1738 1527 1835 1569 loco

146 1613 236 1642 non
269 1601 654 1650 commemoratur,
695 1599 772 1641 sed
804 1598 849 1639 in
882 1598 965 1640 aiio
998 1599 1265 1653 hymnorum
1298 1598 1394 1640 loco
1427 1597 1539 1639 illius
1572 1597 1737 1640 mentio
1770 1597 1854 1649 fit,-

146 1669 221 1712 ubi
254 1669 309 1712 de
341 1670 517 1712 oraculo
557 1669 759 1725 delphico
793 1672 1010 1721 narratur,
1049 1669 1090 1710 h.
1121 1668 1166 1710 in
1198 1669 1293 1711 Del.
1319 1671 1368 1710 91
1393 1684 1456 1724 sq.
1490 1667 1586 1712 ἀλλ’
1619 1671 1680 1711 ἔτι
1712 1675 1835 1711 κεῖνο

144 1742 310 1797 θηρίον
352 1742 629 1796 αἰνογένειον
672 1741 762 1783 ἀπὸ
799 1741 1042 1782 Πλειστοῐο
1082 1740 1331 1796 καθέρπον.
1395 1740 1503 1782 Item
1547 1739 1665 1794 apud
1707 1738 1835 1781 Callim

145 1811 351 1853 maehum
382 1810 545 1866 Delphi
576 1810 826 1866 Apollinem
860 1810 1110 1865 Pythonem
1142 1809 1274 1852 ferire
1306 1800 1472 1861 iubent,
1516 1809 1633 1865 apud
1659 1809 1835 1864 Apollo-

146 1881 269 1923 nium
307 1881 533 1937 nymphae
574 1880 789 1936 coryciae.
854 1879 913 1922 At
953 1880 1175 1936 nymphas
1217 1879 1418 1934 corycias
1449 1893 1580 1921 nemo
1613 1878 1837 1934 religionis

148 1951 379 2008 delphicae
401 1952 473 1995 vel
495 1951 775 1994 mediocriter
807 1951 974 2007 peritus
1006 1950 1090 1993 fuit
1125 1950 1200 2006 qui
1231 1950 1468 2005 ignoraret,
1503 1949 1720 2006 siquidem
1751 1949 1837 1991 iam

265 2081 291 2126 ¹)
319 2081 389 2115 Cfr.
409 2084 532 2115 tamen
567 2091 658 2123 quae
692 2080 788 2114 infra
823 2080 865 2114 de
892 2079 1105 2114 Callimachi
1129 2090 1162 2114 v.
1189 2080 1255 2114 104
1290 2079 1565 2122 disputabimus.
1594 2100 1637 2103 —
1662 2078 1762 2113 Nihil
1796 2089 1839 2112 ex

146 2140 214 2175 hac
231 2141 474 2184 originatione
492 2140 537 2174 ad
555 2140 889 2183 pronuntiationem
914 2139 1123 2173 litterarum
1148 2151 1171 2182 η
1190 2152 1224 2173 ει
1250 2138 1437 2181 redundat,
1465 2149 1559 2180 nam,
1587 2139 1730 2172 etiamsi
1755 2137 1839 2171 illae

146 2200 289 2233 nonita
306 2199 474 2233 similiter
500 2201 682 2241 sonarent,
709 2198 786 2232 fieri
812 2199 934 2241 potuit
958 2201 1001 2232 ut
1027 2198 1103 2232 sive
1129 2197 1258 2242 volgus
1284 2208 1345 2232 seu
1371 2200 1479 2240 poeta
1504 2198 1627 2231 iocans
1653 2196 1839 2230 dissimili-

147 2258 291 2293 tudines
307 2257 391 2292 illas
409 2268 480 2291 non
498 2260 575 2291 tam
600 2267 730 2301 graves
756 2258 794 2290 in
820 2256 1077 2291 vocabulorum
1103 2256 1328 2290 derivatione
1354 2255 1523 2300 fingenda
1548 2265 1694 2298 prorsus
1719 2255 1839 2299 negle-

147 2320 264 2361 geret:
298 2317 530 2361 grammatici
556 2316 768 2350 documento
795 2318 891 2359 sunt,
930 2318 1105 2357 quantam
1132 2315 1201 2351 sibi
1226 2315 1435 2349 libertatem
1461 2317 1602 2349 veteres
1627 2315 1664 2347 in
1690 2313 1756 2348 hoc
1780 2324 1840 2357 ge-

147 2385 231 2410 nere
255 2375 486 2410 vindicarint.

265 2434 292 2478 2)
321 2434 514 2477 Vergilius,
543 2444 623 2468 cum
639 2432 806 2468 Herculis
832 2433 1005 2476 hymnum
1031 2435 1228 2475 enarraret,
1256 2435 1335 2466 tum
1360 2433 1477 2474 partis
1502 2434 1705 2474 postremae
1731 2431 1841 2465 verba

148 2493 308 2537 referret,
335 2492 578 2535 Apollonium,
605 2495 647 2526 ut
670 2491 772 2534 solet,
801 2495 946 2526 secutus
973 2494 1043 2526 est:
1070 2491 1157 2524 Aen.
1177 2491 1266 2526 VIII
1284 2491 1350 2525 287
1377 2491 1443 2525 laic
1467 2493 1660 2525 iuvenum
1686 2491 1839 2533 chorus,

150 2553 214 2586 ille
244 2563 397 2595 senum,
431 2553 501 2596 qui
531 2553 714 2586 carmine
746 2552 886 2585 laudes
912 2551 1129 2585 Herculeas
1161 2553 1197 2584 et
1218 2550 1333 2592 faeta
1356 2550 1507 2593 ferunt,
1541 2552 1586 2583 ut
1603 2551 1749 2592 prima
1774 2559 1841 2582 uo-

150 2621 287 2645 vereae
304 2613 490 2645 monstra
508 2621 638 2645 mauu
654 2612 910 2654 maleficosque
925 2620 1113 2653 premens
1133 2609 1283 2642 eliserit
1300 2610 1459 2651 (nequis,
1488 2611 1533 2642 ut
1552 2607 1642 2641 bello
1660 2609 1841 2649 effl‘egslas

152 2670 256 2704 idem
270 2670 473 2704 disiecerit
485 2669 610 2712 urbes,
644 2669 810 2703 Troiam
829 2669 1142 2711 Oechaliamque,
1170 2670 1215 2701 ut
1232 2668 1355 2701 duros
1373 2667 1480 2701 mille
1497 2667 1647 2701 labores
1668 2676 1753 2708 reye
1770 2665 1841 2699 sub

150 2728 373 2772 Eurystheo
404 2730 508 2772 falls
540 2728 714 2762 Iunonis
750 2729 917 2771 iniquae
944 2727 1171 2769 pertulerit.
1224 2729 1291 2767 „tu
1326 2725 1560 2768 nubigenas,
1598 2726 1750 2759 invicte,
1787 2723 1841 2757 bi-

150 2787 350 2830 membris,
377 2787 582 2830 Hylaeum
599 2788 844 2830 Pholumque
861 2797 1000 2828 manu,
1028 2788 1072 2819 tu
1092 2785 1229 2819 Cresia
1247 2787 1404 2818 maetas
1416 2785 1611 2827 procleffl'a
1629 2786 1666 2816 et
1681 2785 1842 2816 vastum

151 2846 319 2880 Nemeae
344 2846 415 2880 sub
441 2857 542 2889 rupe
567 2846 738 2880 leonem“
766 2848 803 2879 et
829 2855 920 2887 quae
946 2847 1126 2878 secuntur.
1178 2843 1267 2876 Rem
1292 2853 1376 2876 vero
1403 2841 1516 2876 multo
1543 2842 1756 2884 prudentius
1782 2840 1842 2874 ad-

151 2905 376 2938 ministravit
401 2915 508 2946 quam
526 2904 754 2947 Apollonius:
782 2914 896 2945 neque
922 2904 1017 2936 enim
1035 2905 1181 2936 tantum
1207 2902 1473 2935 invocationem
1500 2900 1559 2935 sed
1580 2899 1747 2934 Herculis
1772 2900 1843 2933 vir-

151 2965 272 2996 tutum
290 2964 425 2997 iustam
444 2963 752 2997 enumerationem
770 2962 868 2996 chori
885 2962 1005 2996 verbis
1023 2961 1203 3004 prolatam
1218 2960 1361 2994 adiecit.
1401 2959 1461 2993 Cir
1487 2959 1641 3002 Norden,
1660 2959 1843 3003 Agnostos

153 3019 268 3055 Theos
293 3032 326 3064 p.
348 3021 424 3055 153.
