2180 3482
360 252 442 292 108
990 246 1044 280 De
1070 246 1203 281 fabulis
1228 247 1414 289 cyrenaeis

355 370 471 398 mam
505 368 582 395 cur
615 353 807 408 piscator
838 352 1072 404 Itanensis,
1105 366 1196 394 non
1230 352 1457 395 Cretensis
1490 352 1710 409 quispiam
1743 353 1798 395 ad
1825 353 2048 396 Theraeos

354 425 400 466 in
422 424 608 478 Libyam
631 423 859 465 ducendos
892 423 1091 465 delectus
1118 422 1186 475 sit,
1219 423 1393 466 invenit
1415 424 1579 479 Knapp
1603 423 1836 478 (Philolog.
1861 423 2049 466 XLVIII

362 497 483 546 1889,
528 496 645 547 498).
717 493 932 535 Nummos
974 493 1093 535 enim
1137 495 1373 536 Itanenses
1415 493 1502 536 iam
1550 496 1698 536 aetate
1743 493 2051 549 antiquissima

356 564 551 619 effigiem
579 563 648 605 dei
675 563 907 619 piscatoris
939 564 1144 618 gessisse,
1189 564 1313 606 cuius
1347 578 1507 620 corpus
1539 564 1671 620 piscis
1706 565 1847 606 cauda
1879 565 2050 620 praedi—

353 638 449 676 tum
479 638 613 686 esset,
649 634 832 676 deorum
855 647 962 676 vero
986 634 1257 676 marinorum
1281 649 1381 676 cum
1405 634 1669 690 sapientiam
1691 638 1787 676 tum
1810 634 2052 691 proclivem

354 705 399 746 in
432 705 640 747 mortales
673 704 952 747 voluntatem
986 718 1102 757 esse3
1137 704 1200 746 ita
1232 718 1337 759 ergo
1361 718 1542 759 prorsus
1566 704 1805 747 Corobium
1828 705 2051 747 Theraeos

355 775 410 817 ad
433 775 617 830 Libyam
646 774 840 826 duxisse,
874 778 923 816 ut
946 775 1134 817 Proteus
1156 775 1357 817 Menelao
1387 775 1434 828 (Δ
1457 776 1543 816 472
1557 777 1670 831 sqq.)
1704 775 1895 818 reditum
1927 790 2051 818 mon-

356 848 551 888 strasset.
604 844 789 887 Accedit
818 846 937 901 quod
958 845 1112 886 Itanus
1146 859 1202 887 ex
1234 844 1440 887 omnibus
1464 845 1625 888 Cretae
1657 845 1840 888 urbibus
1864 845 2053 902 Cyrenis

355 931 444 958 una
465 915 668 972 proxima
691 918 769 958 est.
805 916 962 958 Restat
984 918 1033 957 ut
1056 929 1336 972 quaeramus,
1365 929 1503 971 quare
1526 915 1713 958 Theraei
1737 916 1830 960 sive
1854 915 2053 972 quisquis

354 987 471 1028 illam
516 986 711 1028 fabulam
758 986 1008 1042 composuit
1047 986 1229 1029 Cretum
1273 986 1487 1028 auxilium
1526 987 1736 1029 Theraeis
1779 987 2054 1043 impertitum

356 1072 489 1113 quam
536 1058 719 1099 Battum
762 1057 967 1100 Cretensi
1013 1060 1154 1099 matre
1204 1059 1351 1099 ortum
1398 1071 1580 1099 narrare
1626 1057 1843 1099 maluerit.
1908 1057 2055 1100 Causa

355 1128 437 1170 illis
456 1128 654 1180 vocibus,
674 1128 843 1184 opinor,
864 1128 1136 1184 continetur:
1161 1129 1335 1182 Βάττος
1358 1130 1447 1171 ἐὼν
1465 1131 1594 1184 γένος
1619 1162 1626 1170 .
1645 1162 1652 1170 .
1672 1162 1679 1170 .
1705 1135 1796 1172 τῶν
1812 1129 2052 1181 Μινυέων;

356 1198 431 1255 qui
476 1198 643 1241 scilicet
683 1199 796 1241 haec
827 1198 1013 1250 invenit,
1056 1200 1237 1240 Battum
1269 1198 1630 1254 Argonautarum
1667 1202 1877 1255 nepotem
1911 1198 2049 1241 credi-

356 1269 431 1321 dit,
467 1270 585 1324 quod
616 1272 771 1311 teneas
804 1268 948 1312 velim.

474 1340 630 1395 Neque
662 1343 812 1396 partes
844 1339 958 1381 illius
991 1339 1270 1391 narrationis,
1315 1354 1429 1396 quae
1463 1340 1652 1382 Corobio
1687 1344 1731 1382 et
1768 1340 1874 1384 navi
1907 1339 2056 1382 Samia

356 1410 546 1466 demptis
569 1410 764 1466 reliquae
788 1414 905 1463 sunt,
940 1410 1105 1466 optime
1128 1410 1245 1452 inter
1272 1425 1319 1453 se
1343 1411 1594 1453 cohaerent.
1639 1411 1769 1463 Quod
1791 1411 1941 1452 statim
1965 1411 2054 1453 elu-

357 1480 487 1533 cebit,
531 1481 567 1522 si
608 1481 803 1523 fabulam
845 1482 900 1523 de
942 1481 1120 1523 oraculo
1166 1486 1514 1536 „cyrenensem‘⁴
1561 1481 1899 1537 comparaveris.
1963 1481 2056 1523 Illic

357 1551 475 1594 enim
508 1551 603 1607 ipse
625 1552 784 1594 Battus
817 1552 1043 1594 oraculum
1075 1551 1181 1593 adiit
1215 1555 1349 1608 atque
1379 1552 1433 1594 de
1466 1565 1513 1594 se
1539 1555 1686 1607 rogat,
1720 1551 1816 1608 ipse
1839 1551 2055 1594 coloniam

357 1621 496 1675 ducit3
536 1622 607 1664 hic
649 1625 805 1664 contra
847 1622 1042 1665 Grinnus
1081 1636 1128 1665 se
1168 1623 1368 1678 Delphos
1407 1622 1581 1666 confert
1620 1626 1754 1679 atque
1791 1637 2055 1678 responsum

356 1693 578 1748 impetrat,
626 1708 788 1735 munus
820 1696 972 1736 tamen
1006 1693 1087 1735 sibi
1120 1693 1176 1735 ab
1207 1693 1413 1749 Apolline
1445 1693 1701 1750 impositum
1734 1694 1954 1736 detrectat
1991 1696 2054 1735 at-

357 1779 444 1820 que
484 1764 529 1806 in
561 1765 743 1806 Battum
783 1764 1007 1808 transfert..
1073 1764 1198 1816 Quae
1237 1764 1371 1819 igitur
1410 1764 1454 1806 in
1492 1765 1577 1807 hac
1608 1763 1785 1806 fabulae
1817 1763 1960 1806 forma
1990 1777 2056 1806 re-

356 1834 423 1890 gis
459 1837 563 1876 sunt
595 1834 772 1890 partes?
835 1835 942 1876 Eius
977 1834 1107 1887 enim,
1141 1838 1191 1877 ut
1229 1835 1290 1877 ita
1323 1835 1479 1887 dicam,
1523 1834 1721 1877 officium
1761 1834 1806 1876 in
1839 1848 1890 1877 eo
1924 1834 2056 1877 collo-

357 1908 505 1948 catum
529 1908 605 1959 est,
630 1906 749 1961 quod
771 1919 912 1962 nepos
931 1907 1115 1958 Therae,
1140 1905 1261 1948 urbis
1286 1905 1510 1962 eponymi,
1538 1908 1618 1957 est,
1642 1906 1812 1947 nullum
1836 1905 1954 1947 aliud
1976 1907 2055 1947 est.

356 1975 493 2032 Atqui
530 1975 633 2018 huic
665 1975 843 2018 fabulae
876 1975 1034 2031 quovis
1067 1977 1197 2018 modo
1231 1976 1479 2018 inculcatus
1514 1979 1591 2018 est.
1658 1976 1755 2027 Qua
1788 1976 1965 2018 demum
2003 1975 2058 2018 de

358 2061 505 2099 causa,
539 2046 622 2088 nisi
650 2050 699 2088 ut
723 2046 1057 2101 Cyrenaeorum
1081 2047 1274 2102 origines
1298 2047 1623 2102 quodammodo
1648 2047 1703 2088 ad
1725 2047 1845 2088 hunc
1868 2047 2057 2088 Theram

356 2117 657 2160 referrentur?
723 2117 811 2160 Sed
850 2117 903 2159 de
937 2118 1082 2159 Thera
1114 2117 1221 2158 nihil
1259 2117 1353 2160 fere
1396 2121 1616 2169 narratur,
1658 2117 1743 2158 nisi
1782 2117 1902 2173 quod
1940 2116 2057 2159 idem

358 2188 611 2230 Herodotus
644 2187 688 2229 in
712 2187 967 2230 narratione
991 2191 1213 2244 spartana,
1249 2203 1381 2243 quam
1404 2189 1613 2230 theraeae
1637 2187 1908 2243 praeposuit,
1936 2187 2057 2229 illum

359 2258 463 2300 dicit
505 2258 647 2301 virum
688 2258 833 2314 ipsum
878 2259 1281 2301 Lacedaemonium
1330 2272 1492 2313 agmen
1537 2272 1561 2300 e
1606 2257 1970 2300 Lacedaemoniis
2015 2261 2059 2301 et

357 2328 520 2384 Minyis
558 2329 747 2370 mixtum
787 2329 841 2370 ad
879 2328 1068 2371 insulam
1102 2328 1343 2381 Callistam,
1385 2343 1499 2384 quae
1539 2331 1696 2384 postea
1734 2329 1788 2370 ab
1829 2342 1880 2371 eo
1914 2329 2059 2370 Thera

359 2399 580 2455 appellata
619 2402 699 2451 est,
740 2398 938 2451 duxisse3
980 2399 1088 2440 nihil
1125 2398 1260 2454 igitur
1298 2399 1416 2441 aliud
1455 2402 1522 2441 est
1553 2398 1639 2440 nisi
1672 2413 1934 2455 eponymus,
1974 2398 2058 2440 nisi

360 2469 491 2525 stirps
537 2469 781 2512 stemmatis
822 2484 955 2512 causa
999 2469 1118 2512 ficta.
1196 2469 1310 2522 Quid
1350 2483 1455 2524 ergo
1494 2469 1685 2513 voluerit
1725 2469 1800 2525 qui
1839 2468 2057 2512 Grinnum

358 2539 593 2592 invenerit,
639 2540 726 2582 iam
765 2541 927 2583 elucet:
976 2540 1275 2583 narrationem
1310 2539 1477 2582 scilicet
1509 2541 1809 2582 Theraeorum
1842 2542 1887 2582 et
1920 2539 2054 2594 Cyre-

360 2624 574 2653 naeorum
608 2625 884 2653 communem
921 2612 975 2654 de
998 2612 1130 2654 Batto
1152 2612 1334 2653 theraeo
1361 2610 1639 2666 Cyrenarum
1663 2611 1915 2665 archegeta,
1940 2623 2055 2666 quae

358 2680 445 2723 iam
483 2681 580 2737 ipsa
618 2695 697 2736 per
738 2696 785 2724 se
825 2681 1101 2734 constiterat,
1141 2695 1243 2723 cum
1280 2681 1536 2723 narratione
1575 2684 1785 2736 spartana
1825 2681 1880 2723 de
1912 2681 2058 2722 Thera

359 2752 531 2794 Therae
563 2752 734 2794 insulae
767 2766 989 2808 eponymo
1022 2752 1085 2794 ita
1117 2752 1390 2806 coniungere
1424 2750 1606 2802 studuit,
1645 2754 1692 2793 ut
1728 2751 1915 2807 Spartae
1948 2765 2056 2806 quo-

361 2836 446 2877 que
479 2822 636 2878 aliquis
670 2825 791 2865 certe
816 2823 940 2865 locus
962 2823 1008 2864 in
1037 2822 1316 2878 Cyrenarum
1340 2821 1585 2877 originibus
1607 2821 1889 2863 tribueretur.
1945 2821 2057 2862 Inde

361 2893 662 2948 consequitur,
701 2896 751 2935 ut
790 2893 1014 2949 Cyrenaei
1051 2907 1099 2936 se
1136 2892 1301 2935 iamdiu
1340 2893 1485 2934 Thera
1524 2895 1643 2934 ortos
1684 2891 1889 2943 dixerint,
1930 2893 2055 2933 ante-

362 2976 494 3017 quam
536 2963 847 3006 Lacedaemon
888 2977 935 3006 se
977 2964 1104 3020 quasi
1146 2963 1424 3018 Cyrenarum
1466 2961 1611 3005 aviam
1653 2962 1878 3018 quandam
1918 2961 2055 3003 fuisse

362 3045 619 3075 asseverare
653 3033 862 3089 coeperit.
