2180 3482
837 232 889 266 De
916 242 980 266 ara.
1006 242 1136 266 cornea.
1775 236 1829 275 37

140 341 368 381 cornutam
408 338 442 379 F
445 337 721 392 rancogallos
759 337 903 379 adhuc
942 337 1121 392 fugisse.
1185 337 1334 393 Atque
1372 339 1510 381 multa
1541 338 1625 380 3113
1658 338 1829 381 dubita-

138 409 304 451 tionem
336 408 572 460 faciebant,
606 422 710 449 num
747 411 769 450 ὁ
800 409 1023 464 Κερατών
1054 421 1211 451 revera
1242 409 1456 464 templum
1489 409 1663 462 fuisset3
1697 424 1831 452 oecus

140 479 255 523 enim
288 479 372 531 ille,
407 492 538 535 quem
570 492 691 520 nunc
718 477 926 520 Germani
957 478 1242 529 ,,81161113116ιι
1279 482 1455 531 vocant,
1489 480 1626 523 multo
1660 480 1831 535 longior

140 553 205 593 est
240 564 371 606 quam
404 548 549 601 latior;
596 562 680 591 nec
713 562 817 592 vero
851 562 1004 590 omnes
1038 548 1150 590 illius
1183 548 1372 591 aedificii
1406 552 1554 605 partes
1589 551 1643 592 ad
1677 550 1830 593 libram

139 624 256 672 511111,
290 620 447 663 utiam
470 619 601 662 1116111
635 619 709 675 qui
742 619 1042 675 suspicaretur
1074 618 1119 660 in
1151 619 1223 661 illo
1255 620 1436 675 templo,
1471 620 1504 661 si
1540 620 1581 662 id
1612 622 1827 677 templum

139 691 362 747 appellare
398 690 465 732 fas
505 692 584 742 est,
630 690 774 732 lacum
820 689 914 733 sive
951 690 1157 732 lacunam
1188 689 1417 732 hominum
1450 705 1583 733 manu
1623 691 1831 734 effossam

138 762 286 805 fuisse.
365 761 490 813 Quae
522 763 765 817 utcumque
797 760 991 813 fuerunt,
1039 761 1237 803 nondum
1282 760 1430 803 omnia
1467 761 1689 817 explicata
1735 776 1831 805 esse

138 832 359 875 mordicus
381 836 526 875 teneo.
550 858 599 862 —
620 832 768 887 Atque
790 834 937 874 tamen
968 831 1010 872 in
1045 831 1312 874 contrariam
1344 831 1429 873 13111
1464 832 1731 875 sententiam
1765 832 1829 875 in-

139 902 269 956 clino,
311 906 357 945 ut
391 902 547 959 opiner
578 904 657 946 τόν
689 904 945 959 Κεράτινον
977 904 1134 958 βωμόν
1166 902 1253 944 11116
1284 902 1420 945 1111556
1455 902 1528 945 ubi
1561 917 1661 946 eum
1694 903 1831 946 fuisse

141 974 359 1017 Nenotius
400 973 626 1026 indicavit,
669 972 794 1016 basin
836 987 938 1016 arae
981 987 1169 1016 corneae
1201 973 1420 1029 lapideam
1462 974 1533 1017 vel
1577 977 1697 1017 66116
1739 974 1832 1017 eius

140 1044 329 1100 vestigia
370 1059 396 1087 a
438 1044 573 1087 Gallis
614 1047 791 1100 reperta
832 1057 940 1086 esse.
1005 1044 1116 1086 Nam
1166 1043 1259 1099 ipse
1302 1043 1597 1087 Callimachus
1643 1047 1833 1088 testatur

139 1115 389 1171 Apollinem
422 1129 571 1157 muros
603 1114 663 1156 illi
695 1128 798 1157 arae
830 1114 1186 1166 circumdedisse,
1220 1114 1263 1156 id
1296 1117 1363 1157 est
1385 1115 1549 1157 circum
1574 1115 1690 1158 illam
1713 1130 1832 1158 aram

137 1188 284 1229 aetate
316 1185 591 1229 hellenistica
622 1199 771 1228 muros
803 1184 959 1238 fuisse,
999 1184 1043 1227 id
1075 1185 1194 1241 quod
1234 1200 1504 1242 quamquam
1544 1201 1630 1229 non
1667 1190 1735 1229 est
1766 1187 1830 1229 in-

137 1256 335 1299 auditum
374 1258 448 1311 (ne
487 1256 604 1299 enim
642 1256 775 1311 longe
815 1256 1019 1312 exempla
1058 1270 1293 1308 arcessam,
1335 1271 1411 1299 313
1443 1256 1570 1299 Pacis
1602 1257 1832 1313 Augustae

137 1327 272 1370 muris
311 1327 457 1371 cincta
495 1330 620 1381 erat),
661 1330 727 1370 651
759 1330 911 1369 13111611
943 1327 1267 1383 quodammodo
1302 1327 1537 1383 singulare.
1603 1328 1715 1371 Cum
1748 1328 1829 1370 illis

137 1412 242 1442 vero
276 1397 533 1441 Callimachi
565 1397 750 1441 vocibus
783 1399 842 1451 (v.
871 1400 943 1452 63)
976 1401 1164 1455 κεραοὺς
1197 1400 1245 1441 ὁὲ
1276 1399 1405 1455 πέριξ
1434 1400 1712 1455 ὑπεβάλλετο
1743 1404 1830 1442 τοί-

135 1485 242 1525 χους
283 1469 448 1525 optime
489 1468 704 1520 concinit,
756 1469 875 1525 quod
908 1469 1154 1511 Homollius
1196 1472 1240 1512 et
1281 1469 1498 1512 Nenotius
1537 1484 1657 1512 313111
1696 1470 1831 1512 11111115

137 1540 392 1583 6011611153111
425 1554 522 1583 6556
555 1554 579 1583 6
611 1539 807 1596 reliquiis
839 1540 1214 1582 demonstrarunt.
1294 1541 1450 1597 Neque
1489 1540 1606 1583 enim
1646 1555 1831 1584 necesse

137 1614 205 1654 est
236 1610 331 1654 illos
364 1625 602 1667 sequamur
635 1610 909 1654 conicientes
942 1625 1063 1653 aram
1089 1613 1255 1654 tectam
1283 1611 1440 1664 fuisse3
1475 1611 1682 1667 reliquias
1714 1608 1839 1654 enim'

137 1681 322 1737 exiguas
360 1681 454 1724 illas
498 1681 675 1738 quidem
708 1681 957 1737 tegularum
990 1696 1336 1725 marmorearum
1368 1682 1475 1724 nihil
1508 1682 1692 1738 impedit
1725 1682 1831 1739 quin

136 1753 192 1796 ad
209 1752 305 1796 oeci
326 1755 495 1796 tectum
518 1752 777 1805 referamus,
802 1752 878 1808 qui
896 1752 1071 1808 proprie
1092 1752 1378 1805 „Stierhalle“
1404 1753 1575 1805 dicitur,
1601 1754 1831 1796 credamus

137 1838 242 1867 vero
276 1825 355 1867 τὸν
387 1826 641 1880 Κεράτινον
673 1826 830 1880 βωμόν
864 1825 964 1879 post
997 1837 1097 1866 eum
1130 1823 1280 1876 fuisse,
1314 1824 1450 1866 muris
1483 1824 1678 1867 cinctum
1711 1824 1831 1867 illum

137 1894 328 1951 quidem,
353 1895 433 1937 sub
457 1895 559 1938 divo
582 1897 744 1937 tamen.
798 1894 947 1951 Atque
968 1894 1036 1936 his
1059 1894 1384 1951 suspicionibus
1407 1896 1671 1938 Plutarchus
1693 1895 1829 1948 favet,

137 1981 237 2009 cum
261 1965 467 2009 adfirmet
492 1966 563 2020 (de
596 1966 688 2008 soll.
713 1965 844 2008 anim.
869 1968 954 2008 983
967 1968 1008 2020 6)
1037 1979 1083 2008 56
1106 1980 1227 2008 aram
1251 1966 1515 2009 admiratum
1539 1981 1649 2019 esse,
1682 1981 1831 2009 muros

136 2050 194 2079 ne
224 2050 305 2093 per
335 2040 625 2080 transennam
660 2036 839 2094 quidem
871 2037 1036 2092 tangit3
1071 2040 1117 2080 at
1147 2036 1340 2090 fecisset,
1375 2037 1411 2079 si
1443 2037 1502 2079 illi
1536 2052 1715 2094 quoque
1740 2053 1831 2082 non

137 2122 161 2151 e
193 2122 412 2151 marmore
444 2108 522 2151 sed
545 2122 569 2151 e
592 2108 798 2150 cornibus
833 2108 1048 2151 exstructi
1079 2107 1280 2151 fuissent.
1324 2108 1425 2151 Non
1458 2109 1667 2152 abhorret
1700 2109 1828 2152 Calli-

136 2179 280 2221 machi
302 2179 555 2231 auctoritas,
590 2178 779 2236 quinon
811 2178 907 2222 sine
940 2193 1073 2221 causa
1105 2178 1277 2221 cautius
1299 2179 1511 2236 loquitur:
1540 2183 1690 2222 narrat
1713 2180 1831 2223 enim

136 2249 278 2306 ipsam
324 2265 446 2292 aram
493 2250 548 2293 de
590 2250 798 2293 cornibus
846 2249 1145 2302 aedificatam,
1194 2249 1278 2292 illis
1319 2250 1488 2294 scilicet
1529 2265 1643 2307 quae
1687 2251 1832 2307 capris

137 2320 451 2376 cynthiadibus
497 2320 744 2364 interfectis
780 2320 927 2364 Diana
964 2320 1090 2363 fratri
1135 2321 1427 2377 adportasset,
1478 2322 1563 2364 hoc
1600 2337 1738 2364 unum
1777 2323 1832 2365 de

137 2391 272 2434 muris
316 2391 522 2444 affirmat,
572 2391 821 2448 Apollinem
865 2392 961 2434 illos
1006 2394 1216 2435 cornutos
1261 2391 1486 2435 fundasse.
1551 2392 1644 2434 Nisi
1690 2392 1829 2444 fallor,

138 2462 373 2507 variationi
410 2462 471 2504 illi
509 2464 690 2518 ὄείματο
725 2465 811 2518 μὲν
849 2465 1081 2520 κεράεσσιν
1121 2464 1318 2515 ἐδέθλια,
1358 2463 1472 2519 πῆξε
1510 2464 1559 2506 δὲ
1591 2465 1749 2520 βωμὸν
1782 2465 1831 2507 ἐκ

138 2536 330 2591 κεράων,
364 2536 553 2591 κεραοὺς
586 2535 634 2578 ὁὲ
664 2534 796 2591 πέριξ
827 2534 1105 2591 ὑπεβάλλετο
1137 2537 1310 2589 τοίχους
1342 2534 1575 2577 consilium
1608 2535 1830 2591 quoddam

139 2608 309 2647 certum
361 2605 534 2648 subest:
589 2604 783 2661 capitula
835 2605 953 2648 enim
1004 2603 1189 2647 taurinis
1242 2604 1450 2648 cornibus
1496 2607 1653 2648 ornata
1702 2604 1829 2648 intel-

138 2675 225 2732 legi
257 2676 364 2720 vult.

256 2746 521 2790 Aedificium
552 2746 657 2789 illud
691 2750 714 2790 ὁ
746 2748 968 2804 Κερατών
1001 2746 1179 2803 quando
1212 2746 1497 2790 aedificatum
1529 2746 1597 2798 sit,
1631 2746 1717 2788 iam
1750 2760 1828 2788 no-

139 2817 295 2860 vimus.
350 2817 612 2862 Rectissime
644 2818 761 2861 enim
793 2819 1136 2861 Lattermannus
1164 2817 1539 2869 (Bauinschriften
1572 2833 1612 2873 p.
1637 2819 1694 2859 64
1715 2819 1829 2873 sqq.)

139 2887 315 2930 titulum
341 2888 526 2932 atticum
551 2889 612 2932 IG
633 2890 674 2931 II
701 2892 862 2944 1054g,
897 2903 1029 2945 quem
1051 2887 1147 2944 ipse
1173 2889 1318 2931 denuo
1352 2888 1559 2930 collatum
1593 2887 1741 2940 edidit,
1774 2888 1829 2930 ad

140 2959 393 3014 Κερατῶνα
416 2959 741 3002 aedificandum
774 2959 962 3011 rettulit;
997 2973 1084 3015 quo
1118 2973 1250 3014 quam
1282 2958 1476 3001 maxima
1508 2973 1614 3001 cura
1646 2961 1830 3003 cavetur

141 3032 190 3070 ut
229 3030 433 3085 exempla
471 3030 763 3087 capitulorum
802 3030 975 3085 integra
1013 3032 1146 3086 atque
1184 3029 1421 3072 incolumia
1451 3029 1637 3072 Athenis
1668 3029 1829 3072 Delum
