2180 3482
637 228 689 261 De
716 238 772 261 vv.
797 226 946 260 65—68.
998 226 1050 259 De
1076 236 1181 259 corvo
1208 225 1288 259 albo
1748 225 1800 264 41

121 337 325 379 maehum
357 335 468 377 haec
500 348 523 376 e
556 333 705 375 fabula
736 333 790 375 de
817 331 1094 386 Cyrenarum
1127 329 1370 385 originibus
1402 329 1675 385 repetivisse.
1738 329 1807 371 De

121 421 209 463 qua
240 420 342 448 mox
384 404 686 461 disputaturus
728 402 772 444 in
812 401 1065 458 praesentia
1102 400 1207 442 satis
1247 400 1388 442 habeo
1423 400 1626 443 effecisse
1660 399 1703 441 in
1736 398 1807 441 illa

120 476 270 519 fabula
301 490 482 519 corvum
515 474 663 516 album
696 474 1087 516 commemoratum
1120 485 1229 514 esse.

238 547 386 603 Atque
428 559 483 588 ex
515 543 760 587 Heraclidis
801 542 951 585 fabula
983 541 1294 594 (Callisthenes
1333 541 1449 584 enim
1489 542 1557 585 vel
1600 541 1674 597 qui
1709 555 1807 583 euin

124 617 347 673 excerpsit
370 616 528 659 Strabo
552 616 607 658 de
630 616 775 658 colore
797 615 934 669 tacet)
957 614 1041 656 hoc
1067 613 1172 655 satis
1205 626 1428 669 superque
1460 613 1806 664 demonstratur,

123 689 378 744 Cyrenaeos
411 686 527 730 enim
572 689 922 729 consentaneum
964 688 1030 728 est
1075 683 1313 727 credidisse
1355 683 1541 726 eandem
1583 696 1711 726 avem
1753 683 1808 723 ab

121 759 324 815 Apolline
356 757 548 809 missam,
582 760 631 799 ut
663 757 718 799 ad
750 756 904 799 urbem
937 755 1216 798 condendam
1247 755 1429 797 Battum
1461 754 1644 796 duceret
1676 755 1810 808 atque

120 833 170 872 ut
187 828 491 872 Battiadarum
512 827 665 884 fugam
689 830 732 870 et
754 826 980 870 interitum
998 825 1235 868 nuntiaret.
1269 824 1417 881 Atque
1438 823 1587 867 nescio
1611 838 1667 865 an
1693 823 1809 865 aliud

121 903 432 956 argumentum
482 901 657 955 praesto
703 897 776 940 sit:
825 897 870 940 in
903 896 1158 952 Magnesiae
1197 896 1251 938 ad
1289 895 1577 938 Maeandrum
1616 893 1809 945 historia,

122 970 246 1014 cuius
291 970 445 1013 folium
488 970 616 1012 titulo
650 971 865 1023 servatur,
913 968 987 1024 qui
1019 982 1046 1010 a
1076 967 1241 1010 Kernio
1279 982 1344 1009 nr.
1377 969 1427 1008 17
1460 965 1697 1021 insignitus
1730 967 1809 1016 est,

121 1043 354 1097 Magnetes
386 1044 635 1092 narrantur,
674 1042 910 1096 postquam
943 1053 969 1081 a
1000 1038 1227 1081 Thessalia
1259 1036 1579 1088 discessissent,
1614 1035 1810 1091 aliquan-

121 1115 216 1155 tum
257 1112 470 1169 temporis
507 1112 552 1153 in
586 1111 719 1155 Creta
760 1109 1019 1152 commorati
1061 1123 1170 1161 esse,
1211 1109 1315 1151 dum
1356 1107 1477 1151 corvi
1509 1106 1594 1149 albi
1627 1120 1811 1163 appare-

122 1185 235 1235 rent,
270 1197 380 1239 quos
413 1181 671 1226 vaticinium
704 1180 947 1238 pollicitum
981 1183 1114 1234 esset;
1147 1182 1242 1222 tum
1274 1193 1380 1223 vero
1411 1179 1610 1235 Delphos
1643 1177 1813 1220 misisse

123 1253 199 1310 qui
221 1254 353 1297 deum
375 1256 598 1309 rogarent,
632 1266 783 1296 nonne
805 1251 888 1294 sibi
920 1252 1098 1294 domum
1131 1250 1275 1294 redire
1305 1250 1477 1303 liceret;
1511 1249 1632 1291 illum
1664 1250 1813 1291 autem

121 1339 197 1368 eos
235 1324 473 1376 monuisse,
522 1327 571 1366 ut
608 1324 664 1366 ad
695 1323 845 1366 Asiam
885 1325 1136 1379 pergerent.
1201 1320 1525 1364 Recentissima
1556 1319 1710 1376 utique
1741 1318 1814 1362 illa

122 1395 303 1438 historia
329 1398 410 1444 est,
444 1395 580 1438 altero
604 1394 793 1437 fortasse
825 1394 1002 1437 demum
1035 1408 1072 1435 a.
1098 1392 1199 1436 Chr.
1223 1408 1265 1435 n.
1295 1392 1471 1435 saeculo
1505 1390 1750 1447 composita
1763 1390 1811 1445 ¹);

122 1467 300 1509 oracula
318 1469 473 1509 contra
489 1466 636 1523 paullo
655 1465 911 1517 vetustiora,
936 1478 1050 1521 quae
1068 1478 1169 1507 cum
1190 1463 1374 1506 historia
1396 1477 1487 1505 non
1510 1461 1689 1505 omnino
1709 1476 1812 1504 con-

123 1537 296 1590 cinunt3
331 1537 377 1579 in
398 1538 483 1580 hac
509 1537 626 1580 enim
649 1536 735 1579 albi
759 1535 880 1580 corvi
902 1536 973 1579 vel
995 1536 1205 1591 leguntur
1228 1534 1298 1578 vel
1316 1550 1356 1577 v.
1381 1536 1431 1576 12
1460 1536 1580 1576 certo
1604 1533 1812 1589 supplen-

122 1611 211 1661 tur;
233 1607 278 1650 in
300 1607 510 1652 vaticinio
534 1610 689 1650 contra
710 1621 826 1649 unus
849 1621 1009 1650 corvus
1031 1605 1459 1649 commemorabatur
1483 1606 1540 1659 (v.
1570 1606 1620 1646 17
1643 1605 1815 1657 οἰωνὸμ
1834 1609 1841 1616 '

122 1683 386 1736 πτερύγεσσι
426 1681 510 1722 σὺν
549 1680 833 1736 ἀργεννῆισιν
876 1678 1046 1730 ἰδόντες
1080 1679 1127 1734 ἐγ
1158 1678 1370 1732 μέλανος)
1385 1675 1428 1728 ²).
1492 1675 1653 1718 Nonne
1700 1674 1813 1718 veri-

124 1750 264 1793 simile
297 1752 363 1793 est
395 1750 542 1792 album
570 1764 752 1793 corvum
785 1749 830 1791 in
863 1748 1107 1793 vetustiore
1138 1747 1315 1790 fabulae
1346 1746 1487 1803 forma
1518 1761 1609 1789 non
1640 1748 1815 1788 tantum

123 1820 268 1864 nuntii
291 1821 369 1864 sed
401 1820 532 1864 etiam
566 1820 690 1863 ducis
722 1823 871 1877 partes
905 1819 1183 1876 explevisse?
1216 1819 1341 1861 Haec
1371 1818 1522 1860 fabula
1551 1817 1729 1860 fabulae
1761 1817 1816 1860 de

124 1891 402 1948 Cyrenarum
441 1891 683 1947 originibus
721 1890 901 1934 similior
934 1893 1000 1933 est
1033 1905 1166 1947 quam
1198 1904 1332 1934 ovum
1360 1903 1464 1942 ovo;
1508 1890 1666 1931 Battus
1699 1887 1816 1930 enim

124 1962 314 2019 primum
346 1962 390 2004 in
424 1962 567 2004 insula
599 1962 874 2018 aliquantum
907 1964 1217 2013 commoratus,
1258 1964 1352 2003 tum
1384 1959 1599 2017 Apollinis
1638 1959 1814 2001 oraculo

125 2033 242 2075 adito
276 2032 470 2075 monitus
504 2036 584 2085 est,
618 2036 667 2075 ut
698 2033 743 2075 in
777 2032 963 2088 Libyam
995 2032 1394 2088 transgrederetur.
1443 2032 1494 2073 In
1526 2030 1678 2073 fabula
1709 2044 1817 2073 sane

123 2104 378 2156 herodotea,
421 2103 496 2160 qui
541 2118 641 2146 cum
680 2105 812 2146 Batto
850 2104 1039 2146 insulam
1080 2103 1355 2154 habitabant,
1399 2101 1562 2144 idcirco
1601 2100 1817 2157 Apollinis

124 2175 351 2218 oraculum
384 2174 458 2231 qui
490 2178 714 2230 rogarent,
759 2174 988 2227 miserunt,
1035 2175 1154 2232 quod
1195 2175 1326 2217 οὐδέν
1359 2189 1435 2229 σφι
1466 2175 1659 2230 χρηστὸν
1691 2188 1816 2216 συνε-

126 2248 284 2303 φέρετο
317 2246 394 2301 (IV
422 2248 538 2298 157);
582 2247 660 2289 sed
692 2246 810 2302 apud
842 2247 1118 2289 Herodotum
1150 2246 1296 2287 nullus
1330 2258 1464 2288 corvo
1497 2245 1620 2286 locus
1653 2246 1738 2296 est3
1772 2242 1817 2284 in

126 2330 179 2360 ea
199 2317 349 2360 fabula
372 2332 504 2373 quam
528 2316 823 2360 Callimachus
847 2316 1060 2374 sequitur,
1094 2330 1279 2360 necesse
1302 2318 1369 2359 est
1394 2314 1530 2358 fuisse
1562 2314 1691 2357 huius
1723 2313 1817 2357 avis

129 2390 289 2444 partes.
341 2387 470 2440 Quid,
504 2388 540 2430 si
561 2388 711 2430 fabula
732 2388 962 2444 Magnesia
995 2388 1153 2430 collata
1185 2389 1432 2429 statuamus
1461 2401 1644 2429 corvum
1670 2385 1818 2428 album

127 2458 337 2501 'Pheraeis
376 2457 565 2501 insulam
606 2458 902 2502 incolentibus
941 2458 1201 2515 apparuisse
1245 2471 1411 2514 eosque
1451 2457 1496 2499 in
1535 2456 1722 2512 Libyam
1763 2456 1818 2498 ad

128 2529 327 2585 Cyrenas
368 2530 624 2572 condendas
657 2530 837 2572 duxisse
851 2529 909 2584 ²5?
974 2529 1062 2572 Sed
1106 2529 1407 2572 coniecturam
1453 2542 1653 2585 premere
1694 2528 1815 2580 nolo;

247 2684 273 2728 ¹)
300 2684 371 2718 Cir.
389 2683 647 2727 WilamowitZ,
675 2684 793 2719 Herm.
814 2684 916 2718 XXX
939 2684 1038 2726 1895,
1068 2683 1134 2718 188
1149 2694 1223 2726 sqq.

245 2743 272 2787 2)
300 2742 379 2777 Scio
406 2745 544 2777 οἰωνόν
570 2744 762 2787 augurium
788 2742 994 2787 significare
1019 2744 1196 2785 potuisse;
1233 2743 1293 2777 sed
1327 2743 1392 2777 hoc
1427 2742 1640 2777 vocabulum
1671 2742 1818 2775 incaute

128 2812 168 2835 eo
195 2801 271 2836 1060
297 2806 513 2845 usurpatum
539 2805 644 2845 esset,
672 2802 733 2836 ubi
759 2802 827 2836 duo
854 2801 911 2836 vel
938 2801 1058 2844 plures
1084 2802 1181 2836 corvi
1200 2805 1535 2835 commemorantur.

248 2861 275 2906 3)
302 2862 476 2904 Equidem
502 2862 669 2905 arbitror,
704 2863 765 2904 qui
791 2861 951 2896 fabulam
979 2861 1020 2895 de
1046 2860 1256 2905 Magnesiae
1282 2861 1481 2905 originibus
1508 2861 1644 2904 primus
1670 2861 1819 2894 ementi-

129 2922 190 2954 tus
221 2923 286 2963 est,
324 2920 485 2955 fabulam
521 2931 751 2964 cyrenensem
787 2924 949 2955 secutum
985 2930 1073 2954 esse.
1136 2920 1224 2954 Cum
1259 2924 1382 2954 autem
1416 2921 1493 2963 ipse
1528 2919 1720 2954 concedam
1753 2919 1819 2954 1106

131 2978 370 3013 demonstrari
403 2990 473 3014 non
508 2989 621 3023 posse,
657 2983 735 3013 tum
767 2980 933 3014 existimo
960 2979 1042 3013 illas
1068 2978 1322 3013 similitudines
1357 2980 1455 3021 ipsas
1481 2979 1573 3013 satis
1598 2988 1674 3013 esse
1706 2978 1751 3013 ad
1783 2979 1818 3013 id

132 3037 224 3079 quod
249 3037 413 3072 volumus
439 3038 765 3073 demonstrandum.
