2180 3482
368 266 447 306 102
997 261 1051 294 De
1076 259 1209 294 fabulis
1236 261 1422 303 cyrenaeis

362 370 542 411 leonum
576 367 742 409 aridam
774 365 1007 418 nutricem,
1034 367 1273 409 translatos
1301 379 1409 408 esse.
1460 365 1615 421 Neque
1642 379 1748 407 vero
1771 363 1938 406 infitior
1961 364 2058 407 fieri

360 438 571 495 potuisse,
614 439 660 478 ut
702 437 882 478 leonum
929 436 973 477 in
1022 436 1172 479 fabula
1210 435 1446 479 thessalica
1484 438 1634 491 partes
1675 438 1825 478 essent
1863 434 2055 490 aliquae;

362 508 576 551 Hercules
620 506 737 549 enim
779 507 992 549 adversus
1037 507 1189 550 leones
1234 507 1450 550 Nemeum
1500 508 1541 549 et
1595 504 1929 548 Cithaeronium
1977 520 2056 561 pu-

361 578 529 634 gnavit,
552 578 621 619 leo
640 577 772 619 Lesbi
791 577 942 627 (schol.
957 578 1140 620 Theocr.
1154 578 1261 619 XIII
1279 580 1345 628 16)
1362 578 1582 632 nymphas
1596 576 1823 628 exterruit,
1836 576 2058 632 nymphas

362 649 456 692 sive
473 648 562 691 Ceo
584 648 773 697 (Heracl.
787 650 890 704 περὶ
907 649 1147 691 πολιτειῶν
1165 651 1208 702 9)
1228 647 1322 691 sive
1341 648 1395 690 de
1412 648 1606 690 Parnaso
1627 647 1767 690 Ceum
1783 646 2058 701 (Callimachi

363 718 595 775 Cydippae
634 734 674 761 v.
715 720 786 772 56)
826 717 1010 774 pepulit.
1077 718 1162 770 Qui
1194 718 1299 760 talia
1330 720 1580 769 narrarunt,
1626 720 1845 760 noverant
1881 718 2057 760 leonem

360 789 501 832 teram
528 789 751 845 quandam
778 791 974 830 atrocem
1008 802 1124 841 esse,
1159 791 1307 830 utrum
1340 787 1385 829 in
1414 787 1600 830 Graecia
1634 802 1690 830 an
1722 787 1767 829 in
1799 788 1903 830 Asia
1934 787 2057 830 habi-

361 863 490 911 taret,
529 859 574 901 in
607 858 758 901 fabula
791 859 1101 914 componenda
1132 874 1223 901 non
1257 859 1486 903 curabant.
1549 858 1687 914 Atqui
1725 858 1905 901 minime
1944 858 2057 901 veri-

361 929 501 972 simile
539 932 606 973 est
640 929 898 985 Cyrenaeos
930 944 1021 971 non
1063 929 1182 985 ipsos
1224 929 1464 971 credidisse
1508 943 1632 971 suam
1674 929 1802 971 deam
1844 929 2057 972 adversus

363 1001 515 1043 leones
532 1014 774 1056 pugnasse,
794 1014 905 1056 quos
923 1001 1136 1042 rudentes
1158 1003 1295 1042 noctu
1319 999 1577 1055 saepissime
1600 998 1817 1051 audirent,
1842 999 1919 1042 sed
1941 999 2059 1042 illam

360 1071 663 1114 narrationem
697 1071 751 1113 de
784 1070 1011 1113 Thessalia
1045 1070 1341 1113 arcessivisse.

479 1141 577 1194 Qua
598 1141 771 1184 ratione
797 1142 909 1183 haec
935 1141 1135 1196 quaestio
1169 1141 1349 1183 minime
1382 1140 1659 1197 profligatur,
1694 1141 1749 1182 ad
1777 1140 1944 1183 exitum
1971 1140 2057 1183 for-

359 1215 479 1255 tasse
511 1213 769 1264 adducetur,
805 1212 839 1253 si
872 1212 958 1254 iam
992 1215 1242 1267 quaeretur,
1278 1212 1498 1268 quomodo
1523 1212 1701 1267 Cyrene
1734 1226 1834 1254 cum
1857 1211 2057 1254 Aristaeo

361 1283 610 1325 cohaereat.
661 1282 832 1337 Religio
856 1282 1047 1325 Aristaei
1073 1282 1117 1323 in
1140 1282 1282 1337 Libya
1303 1282 1399 1334 fuit,
1429 1285 1647 1338 quantum
1670 1282 1846 1333 scimus,
1874 1282 1994 1324 nulla
2008 1282 2056 1335 ¹);

361 1353 516 1396 eodem
538 1352 745 1409 pertinet,
771 1353 889 1408 quod
904 1352 1120 1394 Pindarus
1145 1353 1262 1394 canit
1286 1352 1553 1395 Mercurium
1568 1352 1819 1395 Aristaeum
1842 1352 2058 1395 infantem

361 1438 387 1465 a
418 1426 560 1466 matre
592 1426 857 1479 asportasse,
904 1423 1165 1479 Apollonius
1206 1426 1357 1465 narrat
1392 1424 1538 1465 Musas
1585 1437 1685 1466 eum
1728 1426 1953 1479 pastorem
1992 1423 2059 1465 sui

359 1494 507 1549 gregis
539 1493 701 1537 fecisse
733 1493 779 1535 in
802 1494 1042 1546 Thessalia,
1078 1494 1373 1537 Callimachus
1398 1493 1654 1550 Cyrenaeos
1685 1493 1937 1550 Apollinem
1970 1494 2056 1536 No-

358 1564 508 1617 mium,
543 1579 635 1607 non
666 1565 918 1607 Aristaeum
951 1564 1214 1608 invocantes
1247 1564 1390 1620 fingit.
1449 1565 1558 1607 Inde
1592 1564 1897 1607 concludimus
1929 1564 2056 1607 Hesi-

360 1636 493 1677 odum
525 1635 716 1691 primum
737 1635 990 1678 Aristaeum
1022 1635 1068 1677 in
1091 1635 1277 1691 Libyam
1305 1636 1597 1678 transtulisse.
1654 1636 1809 1678 Restat
1841 1637 1890 1677 ut
1923 1649 2056 1691 quae-

362 1721 524 1758 ramus,
549 1710 695 1749 utrum
720 1707 837 1750 idem
859 1707 1028 1763 primus
1051 1707 1172 1749 illum
1197 1706 1402 1762 Cyrenae
1424 1707 1563 1749 filium
1587 1706 1747 1750 dixerit
1770 1721 1827 1748 an
1849 1706 2057 1748 traditam

358 1777 554 1820 fabulam
586 1781 766 1820 secutus
800 1777 867 1820 sit.
924 1778 1152 1821 Aristaeus
1184 1778 1408 1821 hesiodius
1442 1778 1512 1820 dei
1545 1781 1680 1834 atque
1706 1777 1917 1820 heroinae
1940 1777 2056 1820 filius

361 1850 428 1890 est
460 1850 581 1902 (nam
608 1848 740 1891 fuerit
764 1848 867 1891 licet
891 1848 1069 1904 Cyrene
1092 1849 1295 1905 primitus
1323 1850 1418 1901 dea,
1443 1849 1664 1891 Hesiodus
1686 1848 1804 1890 illam
1826 1848 2056 1891 heroinam

362 1932 460 1961 esse
493 1918 646 1970 voluit,
687 1918 904 1975 siquidem
936 1919 1050 1962 illius
1082 1923 1259 1975 raptum
1291 1919 1337 1961 in
1369 1919 1501 1962 Eoeis
1534 1919 1825 1975 perstrinxit),
1859 1919 2056 1961 mortalis

358 1988 505 2044 igitur.
571 1989 657 2041 Qui
695 1992 845 2032 autem
882 1990 1113 2045 legebant,
1153 2006 1292 2033 unum
1330 1990 1583 2033 Aristaeum
1624 2005 1715 2033 non
1756 1991 1937 2033 heroem
1979 1991 2056 2032 sed

360 2060 491 2102 deum
532 2063 695 2102 norant
709 2058 752 2112 2),
792 2062 841 2102 ut
874 2060 1070 2103 Hesiodo
1111 2076 1222 2117 opus
1262 2064 1379 2104 esset
1415 2075 1595 2104 narrare
1629 2061 1795 2104 Gaeam
1835 2064 1879 2103 et
1910 2061 2054 2103 Horas

359 2144 461 2172 eum
492 2133 675 2172 nectare
710 2133 753 2173 et
785 2130 1006 2173 ambrosia
1036 2131 1205 2174 labellis
1239 2131 1461 2174 instillatis
1493 2131 1823 2174 immortalitate
1850 2132 2052 2174 donasse.

360 2201 478 2243 Sane
510 2200 607 2243 fieri
640 2201 798 2257 potuit,
833 2204 880 2242 ut
914 2201 1099 2258 antiqua
1132 2202 1214 2244 dea
1235 2201 1484 2253 thessalica,
1519 2216 1651 2258 quam
1676 2201 1757 2244 sibi
1782 2201 2056 2244 Studniczka

359 2271 498 2313 menti
529 2271 897 2327 repraesentavit,
932 2271 1045 2315 illius
1072 2272 1256 2315 Hesiodi
1285 2276 1445 2325 aetate,
1480 2272 1679 2329 quisquis
1711 2273 1782 2315 ille
1814 2272 1910 2325 fuit,
1945 2272 2053 2315 divi-

358 2341 499 2384 nitate
522 2342 696 2398 privata
724 2346 858 2399 atque
891 2344 946 2385 ad
978 2343 1170 2386 feminae
1202 2343 1397 2386 mortalis
1430 2343 1723 2386 humilitatem
1756 2344 1937 2386 redacta
1967 2343 2054 2386 iam

359 2415 476 2454 esset
526 2415 661 2469 atque
704 2413 872 2470 pariter
911 2413 1133 2468 Cyrenaei
1184 2429 1290 2457 suae
1338 2414 1458 2457 urbis
1500 2429 1769 2470 eponymam
1808 2414 2052 2466 heroinam,

357 2497 448 2524 non
472 2483 600 2525 deam
623 2483 709 2525 iam
738 2485 991 2537 crederent3
1027 2485 1104 2527 sed
1137 2485 1213 2541 qui
1243 2484 1430 2527 heroina
1463 2486 1570 2528 deus
1602 2484 1727 2527 nasci
1760 2484 1933 2540 potuit?
1970 2484 2054 2537 „At

358 2552 489 2596 Liber
513 2553 688 2596 Semela
715 2555 913 2597 thebana
940 2558 1072 2597 natus
1102 2558 1209 2598 est.“
1265 2555 1324 2597 At
1345 2558 1474 2611 pater
1497 2555 1645 2598 statim
1670 2569 1770 2598 eum
1802 2555 1846 2597 in
1882 2555 2053 2598 caelum

358 2622 517 2679 rapuit.
579 2624 765 2667 Accedit
800 2626 919 2681 quod
950 2625 1143 2668 Aristaei
1180 2629 1390 2682 parentes
1428 2626 1632 2682 primitus
1673 2641 1764 2669 non
1801 2626 2053 2682 Apollinem

359 2695 403 2735 et
429 2693 650 2749 Cyrenen,
685 2696 762 2738 sed
780 2710 960 2751 prorsus
983 2695 1090 2738 alios
1113 2695 1250 2738 fuisse
1272 2696 1484 2738 traditum
1508 2700 1592 2738 est:
1628 2697 1746 2752 apud
1769 2696 2052 2739 scholiastam

358 2763 475 2806 enim
496 2764 542 2806 in
564 2765 849 2821 Apollonium
873 2766 1093 2809 Rhodium
1116 2767 1171 2809 ad
1193 2767 1234 2808 II
1255 2769 1342 2809 498
1364 2767 1550 2822 legimus
1574 2767 1889 2822 Bacchylidem
1913 2782 2050 2824 quen-

478 2883 503 2927 1)
532 2883 773 2928 Cfr.Ma1ten,
800 2895 832 2928 p.
853 2885 898 2919 82
911 2895 961 2926 sq.
1012 2884 1160 2919 Infirmo
1186 2885 1420 2919 fundamento
1447 2886 1580 2919 nititur
1605 2885 1836 2928 Ferrabinus,
1865 2896 1943 2920 cum
1970 2897 2053 2920 con-

355 2940 485 2974 tendat
513 2942 723 2977 Aristaeum
761 2943 865 2977 deum
895 2947 932 2977 et
964 2943 1200 2978 thessalicum
1236 2947 1273 2978 et
1309 2943 1468 2987 libycum
1499 2943 1696 2978 Hesiodum
1726 2945 1970 2986 commovisse,
2009 2947 2052 2979 ut

357 2999 520 3042 Cyrenen
545 3001 582 3034 in
609 3001 763 3044 Libyam
788 3002 1014 3036 transferret.

475 3058 501 3102 2)
529 3059 753 3094 Testimonia
780 3060 822 3095 de
848 3061 1011 3095 Aristaei
1037 3060 1273 3106 religionibus
1299 3061 1446 3106 collegit
1470 3061 1668 3096 Maltenius
1695 3072 1728 3105 p.
1749 3062 1792 3096 77
1804 3072 1878 3104 sqq.
