2180 3482
564 211 616 244 De
644 210 784 253 Cyrena
810 215 927 254 rapta.
980 212 1031 245 De
1058 213 1219 254 Cyrenas
1246 214 1351 247 Eoea.
1751 218 1805 256 95

117 318 237 371 μινοὶ
269 316 541 371 πλήσσονται
573 318 742 368 λινέαις
775 318 954 372 ὄρτυγες
988 319 1037 359 έν
1070 320 1280 373 νεφέλαις
1296 319 1336 370 ¹).
1391 319 1515 371 Quae
1538 322 1627 361 tam
1653 319 1807 362 similia

118 389 221 428 sunt
259 386 639 442 apollonianorum
683 386 855 428 illorum
904 391 978 430 καὶ
1017 391 1173 443 βωμὸν
1210 393 1368 445 ποίησε
1404 392 1547 445 μέγαν
1585 390 1686 443 Διὸς
1717 392 1806 432 Ἰκ-

117 461 281 511 μαίοιο,
325 460 422 513 ἱερά
460 456 494 499 τ’
530 460 579 499 εὖ
612 457 791 513 ἔρρεξεν
831 460 880 499 ἐν
914 462 1089 513 οὔρεσιν
1129 461 1279 515 ἀστέρι
1319 464 1453 514 κείνῳ
1485 462 1646 516 Σειρίῳ
1687 465 1806 516 αὐτῷ

118 544 163 570 τε
197 529 397 584 Κρονίδῃ
431 527 515 569 Διί·
550 533 642 569 τοῖο
677 527 712 569 δ’
748 531 866 584 ἕκητι
905 535 1040 581 γαῖαν
1078 530 1380 583 ἐπιψύχουσιν
1418 532 1587 586 ἐτήσιαι
1626 533 1674 573 ἐκ
1707 531 1806 584 Διὸς

123 602 253 654 αὖραι
292 602 434 653 ἤματα
466 600 817 653 τεσσαράκοντα·
852 600 956 653 Κέῳ
990 599 1025 641 ‹5’
1061 601 1122 641 ἔτι
1159 607 1240 641 νῦν
1274 605 1417 656 ἱερῆες
1445 603 1672 643 ἀντολέων
1699 617 1806 658 προ-

116 670 313 724 πάροιθε
344 668 499 720 Κυνός
540 669 712 723 ῥέζουσι
750 670 939 724 θυηλάς,
980 672 1027 710 111
1067 684 1249 712 necesse
1288 670 1342 711 sit
1382 670 1635 713 existimare
1674 671 1806 727 Apol-

118 738 281 780 lonium
316 738 446 780 etiam
479 739 564 779 1100
596 739 705 790 1000,
740 742 785 780 111
821 740 945 791 solet,
975 740 1291 782 Callimachum
1316 744 1516 783 secutum
1540 755 1653 784 esse:
1689 745 1807 784 utro-

117 822 203 864 que
246 808 363 850 enim
408 808 504 850 loco
548 824 635 850 11011
680 812 852 851 1011111111
896 811 1049 852 eadem
1092 813 1343 863 narrantur,
1387 812 1462 854 sed
1506 811 1723 854 sacrificia
1763 812 1807 853 in

117 879 297 920 summis
335 878 559 920 montibus
599 878 693 921 fieri
727 883 1114 932 commemoratur,
1154 883 1343 936 utroque
1380 881 1475 923 loco
1516 882 1637 925 venti
1676 883 1807 924 sacri-

116 948 228 991 ficiis
253 949 377 1004 quasi
411 949 551 991 coacti
586 949 751 1005 spirare
785 950 1004 1002 dicuntur,
1039 954 1227 1006 utroque
1260 951 1355 993 loco
1389 952 1642 994 sacerdotes
1676 952 1808 995 etiam

115 1018 160 1060 in
193 1021 417 1074 posterum
460 1019 553 1061 illos
593 1020 700 1061 ritus
742 1034 943 1063 servasse
982 1025 1228 1062 narrantur.
1294 1022 1382 1063 Sed
1420 1021 1703 1064 manifestum
1743 1026 1809 1065 est

116 1089 397 1145 Apollonium
431 1104 522 1131 non
554 1105 642 1132 uno
667 1090 935 1132 Callimacho
970 1106 1098 1132 usum
1125 1105 1222 1133 esse
1246 1092 1323 1133 sed
1346 1092 1484 1134 verba
1506 1092 1654 1135 verbis
1678 1092 1807 1135 Calli-

115 1159 260 1201 machi
293 1162 482 1215 aptasse,
517 1174 586 1202 res
620 1174 674 1202 ex
699 1161 855 1203 eodem
888 1160 1010 1203 fonte
1044 1160 1269 1204 derivasse
1303 1176 1326 1204 e
1359 1177 1446 1217 quo
1475 1161 1805 1206 Callimachum.

116 1230 226 1272 Nam
277 1229 571 1272 Callimachus
618 1231 807 1282 Maerae,
862 1230 992 1273 unius
1043 1246 1066 1274 e
1114 1231 1386 1284 pleiadibus,
1448 1236 1614 1285 ortum,
1674 1233 1807 1289 Apol-

116 1300 259 1342 lonius
283 1300 417 1342 Canis
440 1301 641 1343 ardorem
671 1305 1004 1353 commemorat;
1039 1302 1299 1358 Apollonius
1321 1302 1573 1346 Aristaeum
1596 1304 1808 1359 populum

117 1385 172 1413 ex
204 1370 394 1413 Arcadia
426 1385 724 1426 congregasse
756 1375 920 1424 narrat,
956 1372 1251 1415 Callimachus
1283 1373 1452 1416 reticet.
1503 1374 1627 1425 Quae
1659 1388 1740 1430 per
1762 1390 1808 1417 se

117 1440 287 1484 etiamsi
320 1441 445 1484 aliter
479 1442 690 1497 explicari
728 1442 915 1485 fortasse
955 1446 1154 1498 possunt,
1190 1457 1213 1485 e
1246 1444 1469 1485 communi
1501 1447 1650 1487 tamen
1684 1445 1808 1488 fonte

116 1511 257 1567 repeti
290 1512 529 1564 debebunt,
564 1512 830 1569 simulatque
861 1514 1110 1556 constiterit
1133 1513 1451 1556 Callimachum
1474 1514 1590 1556 illam
1614 1514 1807 1557 fabulam

116 1596 206 1624 non
238 1581 383 1638 ipsum
416 1582 641 1626 invenisse
674 1584 751 1626 sed
779 1597 801 1626 0
834 1583 1078 1626 vetustiore
1104 1588 1286 1627 auctore
1309 1584 1545 1628 derivasse.
1595 1585 1679 1627 Hic
1700 1600 1807 1629 vero
1838 1607 1845 1614 -

117 1651 179 1694 ita
205 1655 505 1695 etranscursu
540 1668 636 1695 eam
669 1653 815 1709 potius
849 1655 1082 1696 adumbrat
1121 1669 1253 1710 quam
1287 1658 1474 1707 enarrat,
1510 1655 1636 1711 quasi
1668 1656 1807 1698 omni-

116 1722 199 1764 bus
233 1722 308 1778 qui
338 1723 492 1778 legant
522 1726 630 1766 nota
662 1724 735 1777 sit;
771 1725 887 1780 quod
922 1724 1214 1767 certissimum
1247 1728 1559 1780 argumentum
1593 1728 1671 1768 est.

234 1794 387 1849 Usque
433 1795 577 1836 adhuc
621 1795 803 1837 Malteni
849 1795 1041 1837 rationes
1087 1795 1234 1851 potius
1273 1795 1635 1839 confirmavimus
1675 1811 1807 1852 quam

114 1863 495 1907 labefactavimus.
559 1864 707 1921 Atque
756 1868 905 1907 tamen
946 1869 1063 1917 sunt,
1103 1869 1151 1907 ut
1191 1865 1294 1917 dixi,
1335 1880 1449 1921 quae
1487 1866 1807 1909 dubitationem

114 1933 292 1976 faciant.
347 1934 563 1976 Pindarus
597 1934 714 1977 enim
738 1935 911 1991 scripsit
938 1935 1190 1978 Aristaeum
1216 1936 1401 1979 heroina
1422 1939 1576 1978 natum
1600 1937 1654 1979 ab
1678 1937 1808 1979 Horis

115 2007 159 2047 et
201 2004 323 2047 Gaea
371 2004 663 2048 immortalem
705 2006 835 2048 deum
878 2009 1060 2048 nectare
1113 2009 1157 2048 et
1198 2007 1419 2048 ambrosia
1458 2007 1504 2048 in
1544 2007 1702 2049 labella
1744 2007 1807 2049 in—

116 2074 287 2117 stillatis
320 2074 488 2117 factum
521 2090 635 2118 esse:
669 2080 740 2119 ταὶ
774 2076 810 2118 δ’
835 2078 1140 2132 ἐπιγουνίδιον
1165 2078 1423 2132 θηκάμεναι
1446 2080 1611 2134 βρέφος
1638 2082 1807 2131 αὐταῖς,

118 2147 280 2202 νέκταρ
313 2148 363 2188 ἐν
395 2148 588 2201 χείλεσσι
621 2149 694 2189 καὶ
728 2149 977 2203 ἀμβροσίαν
1011 2148 1218 2200 στάξοισι,
1258 2149 1480 2203 θήσονταί
1510 2164 1555 2190 τε
1587 2164 1660 2191 νιν
1693 2150 1807 2192 ἀθά-

114 2232 266 2267 νατον,
301 2219 427 2273 Ζῆνα
459 2219 531 2259 καὶ
564 2219 706 2272 ἁγνὸν
728 2217 984 2270 Ἀπόλλων’,
1019 2220 1210 2275 ἄνδρασι
1231 2221 1382 2275 χάρμα
1406 2220 1565 2274 φίλοις,
1600 2222 1809 2274 ἄγχιστον

115 2287 293 2330 ὀπάονα
324 2289 496 2343 μήλων,
530 2289 682 2344 Ἀγρέα
714 2291 787 2331 καὶ
820 2290 1010 2342 Νόμιον,
1045 2295 1136 2341 τοῖς
1169 2288 1205 2331 ὁ’
1240 2289 1482 2345 Ἀρισταῖον
1514 2290 1682 2332 καλεῖν.
1730 2290 1807 2331 Α1-

115 2371 201 2412 que
239 2358 350 2400 haec
388 2358 442 2399 ab
482 2359 604 2401 Eoea
642 2358 845 2411 fluxisse,
886 2373 975 2400 non
1015 2359 1070 2400 ab
1108 2358 1203 2414 ipso
1244 2359 1433 2401 Pindaro
1472 2358 1658 2403 inventa
1697 2374 1807 2412 esse,

114 2427 367 2470 testimonio
402 2431 469 2470 est
493 2429 675 2471 Servius
708 2429 763 2471 ad
790 2429 950 2484 Georg.
976 2429 994 2470 I
1017 2431 1069 2470 14
1102 2432 1341 2472 Aristaeum
1374 2432 1542 2472 invocat
1565 2463 1574 2472 .
1599 2464 1607 2472 .
1634 2464 1657 2482 .‚
1691 2447 1809 2487 quem

114 2499 327 2541 Hesiodus
360 2501 461 2541 dicit
495 2502 731 2555 Apollinem
756 2502 1029 2555 pastoralem.
1088 2500 1203 2540 Num
1235 2499 1463 2542 Aristaeus
1494 2499 1566 2542 hic
1597 2501 1809 2555 apolloni-

233 2651 257 2695 ¹)
285 2650 383 2693 Quae
409 2651 640 2695 praecedunt,
668 2652 870 2686 exscribere
895 2652 1005 2694 nolui,
1032 2662 1115 2685 nam
1141 2663 1172 2686 v.
1192 2652 1236 2685 33
1263 2663 1377 2693 neque
1403 2663 1529 2687 sanum
1549 2663 1672 2686 censeo
1694 2662 1808 2693 neque

114 2710 189 2752 ipse
216 2720 345 2744 sanare
370 2721 530 2753 possum:
559 2710 719 2744 traditur
744 2711 861 2756 αὐτὰρ
888 2713 905 2743 ὁ
932 2711 1050 2752 Κεῖος
1077 2712 1244 2755 γαμβρὸς
1270 2710 1489 2756 Ἀρισταίου
1516 2739 1522 2745 .
1544 2739 1549 2744 .
1571 2739 1577 2744 .
1611 2723 1686 2752 mog
1712 2711 1807 2755 ἀμφ’

115 2770 237 2813 ἱερῶν,
263 2769 324 2803 sed
351 2781 385 2802 τι
410 2770 561 2811 incerta,
588 2782 616 2814 μ
641 2770 676 2802 in
702 2772 814 2814 ἀμφί,
840 2773 882 2803 ut,
905 2770 1058 2811 videtur,
1078 2769 1340 2803 transductum.
1385 2770 1483 2811 Quae
1502 2768 1808 2803 Wilamowitzius

113 2827 167 2860 ita
193 2827 384 2861 emendata
409 2828 594 2871 supplevit,
619 2828 837 2873 Ἀρισταίου
864 2828 1022 2872 [λήῂτος
1049 2827 1143 2872 ἀμφ’
1172 2830 1293 2872 ἱερῶν.
1345 2827 1412 2861 Sed
1446 2838 1487 2861 ex
1514 2827 1703 2870 Apollonio
1738 2827 1808 2861 dis-

113 2885 225 2920 cimus
245 2886 311 2920 hoc
333 2886 409 2920 loco
424 2887 643 2930 Aristaeum,
664 2897 735 2920 non
753 2886 885 2929 Iovem,
917 2886 1094 2930 ’Ῑκμαῖον
1112 2885 1335 2928 appellatum
1355 2896 1442 2927 esse,
1461 2886 1522 2919 sed
1535 2886 1694 2931 Ἴκμιον
1711 2886 1808 2920 Iovis

113 2953 241 2978 nomen
266 2944 387 2986 fuisse,
421 2946 479 2979 cui
505 2946 696 2979 Aristaeus
723 2956 823 2979 aram
859 2945 1121 2978 constituisset.
1165 2944 1287 2985 Neque
1314 2955 1398 2988 ergo
1425 2945 1596 2987 Aristaei,
1624 2944 1685 2978 sed
1712 2945 1808 2979 Iovis

116 3003 324 3037 sacerdotes
350 3007 618 3046 exspectantur.
