2180 3482
470 246 564 280 Num
590 246 781 289 quicquam
807 246 957 289 Cyrenis
983 257 1062 281 cum
1088 247 1246 281 Arcadia
1272 248 1518 282 intercesserit
1757 249 1836 288 137

149 352 392 395 stemmatis
414 355 509 393 tum
534 351 810 407 potissimum
833 351 1055 394 stemmati
1079 353 1197 408 quod
1223 352 1293 395 ille
1326 353 1555 409 proposuit.
1589 357 1675 408 (ap.
1701 352 1835 393 schol.

149 424 205 465 ad
237 422 413 465 Pindari
446 422 575 477 Pyth.
600 422 659 464 IV
684 425 755 473 57)
796 422 963 464 diffido.
1028 423 1142 464 Nam
1175 424 1291 478 quod
1331 427 1420 466 tam
1460 424 1619 465 multos
1657 425 1838 477 tamque

149 493 346 536 diversos
384 493 490 535 deos
528 492 573 533 in
612 507 747 534 unam
787 492 1099 547 cognationem
1131 493 1303 548 redigit,
1353 494 1674 536 dubitationem
1718 492 1836 534 facit.

150 563 238 606 Sed
270 563 413 619 ipsum
447 565 634 605 stemma
666 562 753 604 iam
786 562 1089 619 inspiciamus:

932 633 1056 676 Atlas

398 752 690 807 Neptunus&
841 774 887 796 s
898 697 1090 795 Celaieno
1342 753 1415 823 Sol

289 846 441 911 Triton
635 815 946 984 Eurypylussx
1091 892 1148 984 Ns
1161 870 1347 926 Sterope
1409 842 1627 925 ffasiphae

742 987 924 1041 Lycaon
996 986 1246 1042 Leucippus

148 1056 276 1108 Quod
318 1057 471 1100 Triton
512 1060 555 1100 et
592 1057 849 1112 Eurypylus
881 1056 1039 1099 fratres
1071 1056 1292 1108 dicuntur,
1334 1071 1435 1099 eum
1482 1056 1625 1112 prodit
1675 1057 1750 1112 qui
1794 1057 1839 1098 in

148 1127 336 1170 Pindaro
364 1127 696 1183 interpretando
720 1126 976 1178 offenderit3
1010 1141 1158 1183 neque
1185 1127 1302 1170 enim
1324 1142 1461 1168 unum
1485 1129 1620 1182 atque
1649 1127 1839 1169 eundem

146 1197 282 1240 fuisse
310 1197 540 1241 contendit
565 1211 713 1253 neque
735 1212 913 1253 prorsus
937 1198 1149 1249 diversos,
1175 1198 1251 1240 sed
1275 1198 1430 1240 eodem
1449 1200 1588 1253 patre,
1614 1197 1836 1253 Neptuno,

146 1270 288 1310 natos
353 1268 442 1311 Sed
474 1268 579 1324 quid
613 1268 703 1310 Soli
736 1282 836 1310 cum
868 1268 1098 1323 Eurypylo
1131 1268 1396 1311 intercedit?
1453 1268 1524 1309 An
1557 1268 1711 1311 eodem
1744 1267 1838 1310 iure

145 1338 216 1382 ille
249 1339 446 1382 Rhodius
480 1353 566 1395 quo
599 1338 670 1381 hic
701 1338 868 1380 Arcas?
909 1339 1048 1381 Immo
1081 1339 1219 1381 multo
1252 1339 1446 1391 meliore,
1481 1338 1840 1394 quandoquidem

148 1410 202 1453 de
234 1410 464 1466 Eurypylo
507 1410 665 1452 arcade
697 1424 787 1451 non
821 1413 1009 1462 constat,
1052 1409 1204 1465 religio
1239 1409 1352 1452 Solis
1384 1409 1538 1452 rhodia
1569 1409 1841 1452 nobilissima

148 1483 228 1523 est.
283 1481 384 1533 Sed,
419 1480 455 1522 si
479 1481 565 1523 hoc
597 1480 870 1523 concesseris
903 1483 1055 1537 (atque
1088 1480 1293 1537 equidem
1326 1483 1375 1522 ut
1407 1481 1639 1532 concedas,
1674 1495 1765 1523 non
1786 1479 1839 1522 ti-

147 1556 278 1603 meo),
312 1565 496 1594 necesse
519 1550 601 1594 erit
624 1552 778 1594 credas
800 1552 885 1594 hoc
908 1554 1095 1594 stemma
1116 1554 1211 1594 tum
1245 1551 1562 1593 concinnatum
1595 1565 1705 1603 esse,
1740 1565 1840 1594 cum

149 1620 319 1665 civibus
344 1621 588 1677 Cyrenaeis
610 1621 807 1664 Insulani
839 1621 1121 1674 accesserint,
1156 1636 1343 1678 quorum
1369 1621 1415 1663 in
1437 1636 1621 1665 numero
1646 1614 1840 1664 Rhodios

145 1691 282 1735 fuisse
315 1706 339 1735 e
369 1693 497 1735 titulo
531 1692 701 1736 Rhodio
743 1692 1059 1744 concludimus,
1104 1706 1236 1749 quem
1270 1707 1404 1748 supra
1436 1692 1780 1748 disceptavimus
1798 1692 1838 1747 ¹),

148 1765 192 1805 et
225 1764 279 1806 de
311 1763 440 1805 huius
473 1763 718 1806 stemmatis
751 1763 1016 1819 antiquitate
1050 1766 1094 1806 et
1126 1763 1513 1806 auetoritateiam
1554 1766 1703 1806 actum
1744 1763 1838 1806 erit.

147 1833 447 1876 Celaenonem
466 1837 509 1877 et
528 1834 761 1890 Steropem
778 1834 1015 1877 Maltenius
1033 1834 1195 1877 idcirco
1207 1834 1401 1877 Arcades
1420 1834 1543 1886 dixit,
1563 1835 1681 1890 quod
1698 1833 1840 1877 Maiae

145 1918 318 1947 sorores
342 1908 505 1957 essent,
540 1918 654 1961 quae
686 1905 953 1948 Mercurium
985 1904 1031 1946 in
1055 1905 1269 1960 Cyllenae
1302 1905 1516 1961 spelunca
1547 1904 1732 1960 peperit.
1780 1904 1840 1947 At

146 1974 334 2031 Sterope
383 1978 504 2018 certe
544 1976 591 2017 in
632 1976 717 2018 hoc
758 1978 993 2019 stemmate
1032 1990 1122 2018 non
1154 1975 1346 2017 Atlantis
1384 1975 1488 2027 filia,
1540 1989 1693 2018 verum
1727 1975 1839 2018 Solis

146 2048 226 2097 est,
275 2045 318 2087 id
360 2047 478 2102 quod
519 2061 626 2089 sane
667 2046 814 2103 potius
854 2049 1009 2089 contra
1049 2046 1297 2089 arcadicam
1336 2046 1555 2102 Eurypyli
1593 2048 1838 2088 ceterorum

146 2115 361 2171 originem
412 2116 537 2170 facit,
592 2117 698 2172 quid
744 2117 831 2159 iam
879 2118 933 2160 de
979 2116 1233 2160 Celaenone
1281 2116 1504 2159 affirmare
1551 2117 1838 2159 audebimus?

146 2186 403 2241 Lycaonem
435 2187 654 2243 Eurypyli
692 2190 736 2230 et
777 2187 992 2243 Steropae
1031 2187 1170 2229 filium
1213 2188 1405 2230 eundem
1448 2201 1545 2230 esse
1586 2190 1721 2243 atque
1753 2188 1838 2243 Ly-

147 2270 331 2299 caonem
382 2271 535 2313 regem
587 2257 705 2300 illum
769 2258 1088 2301 nobilissimum
1138 2259 1343 2301 arcadem
1390 2258 1626 2301 Maltenius
1679 2258 1838 2311 credit3

146 2327 302 2370 eodem
334 2327 427 2370 iure
459 2328 580 2370 illum
611 2328 720 2371 lucis
754 2329 886 2371 deum
912 2328 1288 2385 interpretaberis,
1323 2343 1423 2371 cum
1449 2328 1586 2372 tratre
1612 2329 1838 2385 Leucippo

146 2398 201 2439 ad
235 2397 348 2440 Solis
380 2399 641 2454 progeniem
673 2399 850 2442 referes.
905 2399 1133 2441 Tritonem
1165 2399 1211 2440 in
1242 2399 1432 2441 Arcadia
1463 2399 1600 2442 fuisse
1633 2401 1838 2456 Τριτωνί-

147 2469 222 2521 ὁος
254 2472 423 2525 κρήνης
456 2470 601 2518 (Paus.
626 2470 730 2512 VIII
753 2472 822 2521 26,
847 2472 889 2521 6)
924 2484 948 2512 e
980 2469 1160 2512 nomine
1192 2469 1484 2512 demonstrari
1518 2470 1728 2513 concedo.
1782 2469 1840 2512 At

144 2537 308 2582 fluvius
335 2539 488 2582 Triton
514 2539 597 2581 fuit
620 2539 786 2595 pariter
812 2539 856 2581 in
881 2539 1107 2582 Thessalia
1131 2540 1281 2591 (schol.
1306 2540 1447 2596 Apoll.
1471 2541 1490 2582 Ι
1519 2542 1630 2595 109),
1654 2540 1839 2583 Boeotia

146 2609 290 2660 (Paus.
315 2610 380 2651 IX
403 2612 472 2661 33,
504 2613 548 2663 73
598 2610 741 2652 Strab.
766 2611 830 2652 IX
852 2613 958 2663 4073
994 2610 1206 2666 Stephan.
1239 2625 1269 2652 s.
1301 2626 1341 2654 v.
1373 2610 1641 2667 Ἀσβύσται),
1678 2610 1838 2654 Cretae

146 2679 291 2733 (Diod.
316 2681 355 2723 V
380 2683 447 2732 70,
470 2683 517 2734 43
553 2683 621 2733 72,
645 2683 688 2735 3)
704 2680 747 2735 ²).
811 2681 959 2737 Atque
998 2680 1160 2723 idcirco
1193 2681 1338 2723 minus
1372 2681 1624 2723 dubitamus
1659 2682 1839 2724 credere

146 2749 373 2793 Tritonem
421 2751 508 2793 iam
556 2751 599 2793 in
639 2751 865 2794 Thessalia
914 2766 1013 2793 cum
1052 2752 1284 2807 Euphemo
1332 2751 1510 2808 reliquis
1550 2751 1837 2795 coniunctum

264 2928 276 2946 1
317 2927 388 2962 Cfr.
433 2956 439 2963 .
461 2929 538 2962 107.

263 2926 290 3030 ἓξ
318 2938 433 3042 Quadi
458 2987 575 3021 multa
600 2989 696 3021 inter
721 2987 880 3022 Arcades
907 2990 943 3022 et
970 2987 1160 3022 Cretenses
1188 2990 1420 3022 controversa
1445 2987 1593 3031 fuerint,
1625 2989 1703 3030 ipse
1729 2987 1837 3022 Calli-

144 3043 263 3078 machi
287 3045 326 3078 in
350 3045 474 3080 Iovem
498 3045 653 3089 hymnus
679 3047 848 3080 ostendit.
