<?xml version="1.0" encoding="UTF-8"?>
<!DOCTYPE html PUBLIC "-//W3C//DTD XHTML 1.0 Transitional//EN"
    "http://www.w3.org/TR/xhtml1/DTD/xhtml1-transitional.dtd">
<html xmlns="http://www.w3.org/1999/xhtml" xml:lang="en" lang="en">
 <head>
  <title>
</title>
<meta http-equiv="Content-Type" content="text/html;charset=utf-8" />
  <meta name='ocr-system' content='tesseract 3.04.00' />
  <meta name='ocr-capabilities' content='ocr_page ocr_carea ocr_par ocr_line ocrx_word'/>
</head>
<body>
  <div class='ocr_page' id='page_1' title='image "./quaestionescalli00pasquoft_0081.png"; bbox 0 0 2180 3482; ppageno 0'>
   <div class='ocr_carea' id='block_1_1' title="bbox 719 221 1835 264">
    <p class='ocr_par' dir='ltr' id='par_1_1' title="bbox 719 221 1835 264">
     <span class='ocr_line' id='line_1_1' title="bbox 719 221 1835 264; baseline -0.003 -8"><span class='ocrx_word' id='word_1_1' title='bbox 719 223 773 257; x_wconf 90' lang='lat' dir='ltr'>De</span> <span class='ocrx_word' id='word_1_2' title='bbox 798 222 967 264; x_wconf 82' lang='lat' dir='ltr'>pericopa</span> <span class='ocrx_word' id='word_1_3' title='bbox 992 232 1105 264; x_wconf 88' lang='lat' dir='ltr'>paene</span> <span class='ocrx_word' id='word_1_4' title='bbox 1131 221 1261 255; x_wconf 88' lang='lat' dir='ltr'>ultima.</span> <span class='ocrx_word' id='word_1_5' title='bbox 1780 222 1835 260; x_wconf 86' lang='lat'>73</span> 
     </span>
    </p>
   </div>
   <div class='ocr_carea' id='block_1_2' title="bbox 148 325 1847 2502">
    <p class='ocr_par' dir='ltr' id='par_1_2' title="bbox 148 325 1847 2502">
     <span class='ocr_line' id='line_1_2' title="bbox 149 325 1835 388; baseline -0.005 -13"><span class='ocrx_word' id='word_1_6' title='bbox 149 332 342 388; x_wconf 87' lang='lat' dir='ltr'>appellat</span> <span class='ocrx_word' id='word_1_7' title='bbox 356 331 397 385; x_wconf 87' lang='lat'>¹).</span> <span class='ocrx_word' id='word_1_8' title='bbox 452 330 613 371; x_wconf 89' lang='lat' dir='ltr'>Fateor</span> <span class='ocrx_word' id='word_1_9' title='bbox 650 327 755 369; x_wconf 87' lang='lat' dir='ltr'>illud</span> <span class='ocrx_word' id='word_1_10' title='bbox 797 341 960 370; x_wconf 88' lang='lat' dir='ltr'>nomen</span> <span class='ocrx_word' id='word_1_11' title='bbox 994 342 1082 369; x_wconf 90' lang='lat' dir='ltr'>non</span> <span class='ocrx_word' id='word_1_12' title='bbox 1114 330 1204 369; x_wconf 88' lang='lat' dir='ltr'>tam</span> <span class='ocrx_word' id='word_1_13' title='bbox 1238 327 1385 369; x_wconf 91' lang='lat' dir='ltr'>nobile</span> <span class='ocrx_word' id='word_1_14' title='bbox 1416 326 1552 369; x_wconf 82' lang='lat' dir='ltr'>fuisse</span> <span class='ocrx_word' id='word_1_15' title='bbox 1584 340 1715 381; x_wconf 88' lang='lat' dir='ltr'>quam</span> <span class='ocrx_word' id='word_1_16' title='bbox 1750 325 1835 379; x_wconf 87' lang='lat' dir='ltr'>Py-</span> 
     </span>
     <span class='ocr_line' id='line_1_3' title="bbox 148 395 1837 455; baseline -0.004 -11"><span class='ocrx_word' id='word_1_17' title='bbox 148 402 309 453; x_wconf 89' lang='lat' dir='ltr'>thonis,</span> <span class='ocrx_word' id='word_1_18' title='bbox 356 400 487 443; x_wconf 90' lang='lat' dir='ltr'>etiam</span> <span class='ocrx_word' id='word_1_19' title='bbox 534 399 770 455; x_wconf 87' lang='lat' dir='ltr'>plerosque</span> <span class='ocrx_word' id='word_1_20' title='bbox 809 397 884 453; x_wconf 89' lang='lat' dir='ltr'>qui</span> <span class='ocrx_word' id='word_1_21' title='bbox 925 397 995 439; x_wconf 92' lang='lat' dir='ltr'>illo</span> <span class='ocrx_word' id='word_1_22' title='bbox 1029 397 1097 438; x_wconf 89' lang='lat' dir='ltr'>usi</span> <span class='ocrx_word' id='word_1_23' title='bbox 1130 400 1246 448; x_wconf 88' lang='lat' dir='ltr'>sunt,</span> <span class='ocrx_word' id='word_1_24' title='bbox 1289 398 1343 438; x_wconf 87' lang='lat' dir='ltr'>ab</span> <span class='ocrx_word' id='word_1_25' title='bbox 1376 395 1608 452; x_wconf 71' lang='lat' dir='ltr'>Apollonio</span> <span class='ocrx_word' id='word_1_26' title='bbox 1642 395 1837 451; x_wconf 91' lang='lat' dir='ltr'>pendere</span> 
     </span>
     <span class='ocr_line' id='line_1_4' title="bbox 150 466 1837 527; baseline -0.005 -12"><span class='ocrx_word' id='word_1_27' title='bbox 150 473 305 515; x_wconf 86' lang='lat' dir='ltr'>saltem</span> <span class='ocrx_word' id='word_1_28' title='bbox 358 484 500 527; x_wconf 90' lang='lat' dir='ltr'>posse.</span> <span class='ocrx_word' id='word_1_29' title='bbox 564 469 676 511; x_wconf 88' lang='lat' dir='ltr'>Nam</span> <span class='ocrx_word' id='word_1_30' title='bbox 726 468 906 510; x_wconf 81' lang='lat' dir='ltr'>Suidam</span> <span class='ocrx_word' id='word_1_31' title='bbox 956 470 1070 519; x_wconf 74' lang='lat'>(204,</span> <span class='ocrx_word' id='word_1_32' title='bbox 1112 470 1171 521; x_wconf 79' lang='lat'>4),</span> <span class='ocrx_word' id='word_1_33' title='bbox 1224 467 1579 522; x_wconf 73' lang='lat' dir='ltr'>Etymologicum</span> <span class='ocrx_word' id='word_1_34' title='bbox 1626 466 1837 520; x_wconf 84' lang='lat' dir='ltr'>Magnum</span> 
     </span>
     <span class='ocr_line' id='line_1_5' title="bbox 151 536 1836 595; baseline -0.005 -10"><span class='ocrx_word' id='word_1_35' title='bbox 151 545 265 594; x_wconf 89' lang='grc'>(322,</span> <span class='ocrx_word' id='word_1_36' title='bbox 289 545 346 594; x_wconf 89' lang='grc'>3),</span> <span class='ocrx_word' id='word_1_37' title='bbox 369 540 734 595; x_wconf 81' lang='lat' dir='ltr'>lexicographum</span> <span class='ocrx_word' id='word_1_38' title='bbox 759 538 953 581; x_wconf 85' lang='lat' dir='ltr'>Crameri</span> <span class='ocrx_word' id='word_1_39' title='bbox 980 538 1162 589; x_wconf 79' lang='lat' dir='ltr'>(Anecd.</span> <span class='ocrx_word' id='word_1_40' title='bbox 1189 539 1283 579; x_wconf 81' lang='lat' dir='ltr'>Par.</span> <span class='ocrx_word' id='word_1_41' title='bbox 1311 538 1368 580; x_wconf 92' lang='lat' dir='ltr'>lV</span> <span class='ocrx_word' id='word_1_42' title='bbox 1397 540 1461 589; x_wconf 79' lang='lat'>14,</span> <span class='ocrx_word' id='word_1_43' title='bbox 1486 539 1558 591; x_wconf 84' lang='grc'>23)</span> <span class='ocrx_word' id='word_1_44' title='bbox 1591 536 1653 578; x_wconf 91' lang='lat' dir='ltr'>nil</span> <span class='ocrx_word' id='word_1_45' title='bbox 1678 550 1836 587; x_wconf 89' lang='lat' dir='ltr'>moror,</span> 
     </span>
     <span class='ocr_line' id='line_1_6' title="bbox 150 607 1837 665; baseline -0.005 -10"><span class='ocrx_word' id='word_1_46' title='bbox 150 627 251 656; x_wconf 92' lang='lat' dir='ltr'>cum</span> <span class='ocrx_word' id='word_1_47' title='bbox 283 614 457 654; x_wconf 90' lang='lat' dir='ltr'>constet</span> <span class='ocrx_word' id='word_1_48' title='bbox 480 625 555 653; x_wconf 90' lang='lat' dir='ltr'>eos</span> <span class='ocrx_word' id='word_1_49' title='bbox 578 625 668 652; x_wconf 90' lang='lat' dir='ltr'>non</span> <span class='ocrx_word' id='word_1_50' title='bbox 693 624 835 665; x_wconf 88' lang='lat' dir='ltr'>pauca</span> <span class='ocrx_word' id='word_1_51' title='bbox 857 610 911 651; x_wconf 89' lang='lat' dir='ltr'>de</span> <span class='ocrx_word' id='word_1_52' title='bbox 934 608 1335 651; x_wconf 80' lang='lat' dir='ltr'>Alexandrinorum</span> <span class='ocrx_word' id='word_1_53' title='bbox 1362 607 1629 650; x_wconf 76' lang='lat' dir='ltr'><strong>carminibus</strong></span> <span class='ocrx_word' id='word_1_54' title='bbox 1662 621 1837 661; x_wconf 89' lang='lat' dir='ltr'>promp-</span> 
     </span>
     <span class='ocr_line' id='line_1_7' title="bbox 151 678 1838 737; baseline -0.005 -12"><span class='ocrx_word' id='word_1_55' title='bbox 151 683 271 726; x_wconf 83' lang='lat' dir='ltr'>sisse.</span> <span class='ocrx_word' id='word_1_56' title='bbox 320 682 476 737; x_wconf 81' lang='lat' dir='ltr'>Neque</span> <span class='ocrx_word' id='word_1_57' title='bbox 509 680 754 723; x_wconf 84' lang='lat' dir='ltr'>scholiastis</span> <span class='ocrx_word' id='word_1_58' title='bbox 779 683 853 722; x_wconf 84' lang='lat' dir='ltr'>aut</span> <span class='ocrx_word' id='word_1_59' title='bbox 876 679 1097 735; x_wconf 80' lang='lat' dir='ltr'>Euripidis</span> <span class='ocrx_word' id='word_1_60' title='bbox 1123 678 1461 721; x_wconf 87' lang='lat' dir='ltr'>Phoenissarum</span> <span class='ocrx_word' id='word_1_61' title='bbox 1487 678 1542 719; x_wconf 87' lang='lat' dir='ltr'>ad</span> <span class='ocrx_word' id='word_1_62' title='bbox 1571 692 1611 720; x_wconf 90' lang='lat' dir='ltr'>v.</span> <span class='ocrx_word' id='word_1_63' title='bbox 1632 678 1728 718; x_wconf 88' lang='grc'>232.</span> <span class='ocrx_word' id='word_1_64' title='bbox 1754 678 1838 718; x_wconf 84' lang='grc'>233</span> 
     </span>
     <span class='ocr_line' id='line_1_8' title="bbox 149 746 1840 806; baseline -0.005 -11"><span class='ocrx_word' id='word_1_65' title='bbox 149 756 224 796; x_wconf 91' lang='lat' dir='ltr'>aut</span> <span class='ocrx_word' id='word_1_66' title='bbox 270 752 526 795; x_wconf 68' lang='lat' dir='ltr'>Callimachi</span> <span class='ocrx_word' id='word_1_67' title='bbox 572 750 726 806; x_wconf 66' lang='lat' dir='ltr'>hymni</span> <span class='ocrx_word' id='word_1_68' title='bbox 770 750 813 791; x_wconf 93' lang='lat' dir='ltr'>in</span> <span class='ocrx_word' id='word_1_69' title='bbox 859 750 1019 792; x_wconf 73' lang='lat' dir='ltr'>Delum</span> <span class='ocrx_word' id='word_1_70' title='bbox 1063 750 1119 791; x_wconf 88' lang='lat' dir='ltr'>ad</span> <span class='ocrx_word' id='word_1_71' title='bbox 1151 765 1190 792; x_wconf 86' lang='lat' dir='ltr'>v.</span> <span class='ocrx_word' id='word_1_72' title='bbox 1216 752 1266 791; x_wconf 74' lang='lat'>91</span> <span class='ocrx_word' id='word_1_73' title='bbox 1317 751 1394 790; x_wconf 90' lang='lat' dir='ltr'>aut</span> <span class='ocrx_word' id='word_1_74' title='bbox 1435 746 1740 803; x_wconf 80' lang='lat' dir='ltr'>Lycophronis</span> <span class='ocrx_word' id='word_1_75' title='bbox 1784 746 1840 788; x_wconf 89' lang='lat' dir='ltr'>ad</span> 
     </span>
     <span class='ocr_line' id='line_1_9' title="bbox 149 816 1839 876; baseline -0.005 -10"><span class='ocrx_word' id='word_1_76' title='bbox 149 839 189 868; x_wconf 93' lang='lat' dir='ltr'>v.</span> <span class='ocrx_word' id='word_1_77' title='bbox 215 826 298 865; x_wconf 79' lang='lat'>207</span> <span class='ocrx_word' id='word_1_78' title='bbox 346 823 533 865; x_wconf 86' lang='lat' dir='ltr'>multum</span> <span class='ocrx_word' id='word_1_79' title='bbox 575 821 734 872; x_wconf 89' lang='lat' dir='ltr'>tribuo,</span> <span class='ocrx_word' id='word_1_80' title='bbox 789 834 977 876; x_wconf 88' lang='lat' dir='ltr'>quorum</span> <span class='ocrx_word' id='word_1_81' title='bbox 1021 820 1092 861; x_wconf 88' lang='lat' dir='ltr'>hic</span> <span class='ocrx_word' id='word_1_82' title='bbox 1136 821 1216 862; x_wconf 86' lang='lat' dir='ltr'>hos</span> <span class='ocrx_word' id='word_1_83' title='bbox 1254 818 1473 874; x_wconf 80' lang='lat' dir='ltr'>Apollonii</span> <span class='ocrx_word' id='word_1_84' title='bbox 1513 831 1668 861; x_wconf 83' lang='lat' dir='ltr'>versus</span> <span class='ocrx_word' id='word_1_85' title='bbox 1708 816 1839 859; x_wconf 89' lang='lat' dir='ltr'>etiam</span> 
     </span>
     <span class='ocr_line' id='line_1_10' title="bbox 151 887 1839 950; baseline -0.005 -14"><span class='ocrx_word' id='word_1_86' title='bbox 151 893 396 950; x_wconf 74' lang='lat' dir='ltr'>exscripsit.</span> <span class='ocrx_word' id='word_1_87' title='bbox 475 892 621 934; x_wconf 87' lang='lat' dir='ltr'>Minus</span> <span class='ocrx_word' id='word_1_88' title='bbox 679 906 730 934; x_wconf 90' lang='lat' dir='ltr'>eo</span> <span class='ocrx_word' id='word_1_89' title='bbox 790 891 1066 940; x_wconf 84' lang='lat' dir='ltr'>inclinamus,</span> <span class='ocrx_word' id='word_1_90' title='bbox 1129 893 1179 932; x_wconf 91' lang='lat' dir='ltr'>ut</span> <span class='ocrx_word' id='word_1_91' title='bbox 1224 889 1540 945; x_wconf 88' lang='lat' dir='ltr'>Apollodorum</span> <span class='ocrx_word' id='word_1_92' title='bbox 1587 888 1707 943; x_wconf 82' lang='lat' dir='ltr'>bybl.</span> <span class='ocrx_word' id='word_1_93' title='bbox 1737 887 1756 928; x_wconf 87' lang='grc' dir='ltr'><strong>Ι</strong></span> <span class='ocrx_word' id='word_1_94' title='bbox 1783 888 1839 928; x_wconf 79' lang='lat'>42</span> 
     </span>
     <span class='ocr_line' id='line_1_11' title="bbox 148 957 1839 1019; baseline -0.006 -11"><span class='ocrx_word' id='word_1_95' title='bbox 148 979 313 1008; x_wconf 92' lang='lat' dir='ltr'>nomen</span> <span class='ocrx_word' id='word_1_96' title='bbox 353 964 560 1015; x_wconf 88' lang='lat' dir='ltr'>custodis,</span> <span class='ocrx_word' id='word_1_97' title='bbox 602 977 735 1019; x_wconf 87' lang='lat' dir='ltr'>quam</span> <span class='ocrx_word' id='word_1_98' title='bbox 767 962 980 1017; x_wconf 84' lang='lat' dir='ltr'>Tryphon</span> <span class='ocrx_word' id='word_1_99' title='bbox 1014 964 1139 1003; x_wconf 86' lang='lat' dir='ltr'>antro</span> <span class='ocrx_word' id='word_1_100' title='bbox 1174 960 1350 1015; x_wconf 81' lang='lat' dir='ltr'>corycio</span> <span class='ocrx_word' id='word_1_101' title='bbox 1384 959 1429 1000; x_wconf 91' lang='lat' dir='ltr'>in</span> <span class='ocrx_word' id='word_1_102' title='bbox 1462 958 1614 1001; x_wconf 84' lang='lat' dir='ltr'>Cilicia</span> <span class='ocrx_word' id='word_1_103' title='bbox 1646 958 1729 1000; x_wconf 89' lang='lat' dir='ltr'>sito</span> <span class='ocrx_word' id='word_1_104' title='bbox 1762 957 1839 998; x_wconf 92' lang='lat' dir='ltr'>im-</span> 
     </span>
     <span class='ocr_line' id='line_1_12' title="bbox 150 1027 1840 1092; baseline -0.005 -14"><span class='ocrx_word' id='word_1_105' title='bbox 150 1035 384 1092; x_wconf 70' lang='lat' dir='ltr'>posuisset,</span> <span class='ocrx_word' id='word_1_106' title='bbox 441 1035 697 1090; x_wconf 80' lang='grc' dir='ltr'><em>Δελφύνην,</em></span> <span class='ocrx_word' id='word_1_107' title='bbox 755 1033 992 1074; x_wconf 82' lang='lat' dir='ltr'>draconem</span> <span class='ocrx_word' id='word_1_108' title='bbox 1048 1031 1279 1082; x_wconf 81' lang='lat' dir='ltr'>feminam,</span> <span class='ocrx_word' id='word_1_109' title='bbox 1333 1044 1357 1072; x_wconf 95' lang='lat' dir='ltr'>e</span> <span class='ocrx_word' id='word_1_110' title='bbox 1408 1029 1559 1071; x_wconf 82' lang='lat' dir='ltr'>fabula</span> <span class='ocrx_word' id='word_1_111' title='bbox 1608 1027 1840 1085; x_wconf 83' lang='lat' dir='ltr'>Apollonio</span> 
     </span>
     <span class='ocr_line' id='line_1_13' title="bbox 150 1099 1842 1155; baseline -0.004 -7"><span class='ocrx_word' id='word_1_112' title='bbox 150 1105 358 1149; x_wconf 85' lang='lat' dir='ltr'>inferiore</span> <span class='ocrx_word' id='word_1_113' title='bbox 389 1105 589 1147; x_wconf 82' lang='lat' dir='ltr'>hausisse</span> <span class='ocrx_word' id='word_1_114' title='bbox 623 1104 872 1146; x_wconf 85' lang='lat' dir='ltr'>credamus:</span> <span class='ocrx_word' id='word_1_115' title='bbox 906 1116 1010 1144; x_wconf 90' lang='lat' dir='ltr'>nam</span> <span class='ocrx_word' id='word_1_116' title='bbox 1042 1101 1327 1144; x_wconf 78' lang='lat' dir='ltr'>manifestum</span> <span class='ocrx_word' id='word_1_117' title='bbox 1361 1103 1440 1152; x_wconf 90' lang='lat' dir='ltr'>est,</span> <span class='ocrx_word' id='word_1_118' title='bbox 1475 1099 1842 1155; x_wconf 79' lang='lat' dir='ltr'>quotiescumque</span> 
     </span>
     <span class='ocr_line' id='line_1_14' title="bbox 151 1169 1842 1229; baseline -0.005 -10"><span class='ocrx_word' id='word_1_119' title='bbox 151 1177 304 1219; x_wconf 87' lang='lat' dir='ltr'>eadem</span> <span class='ocrx_word' id='word_1_120' title='bbox 327 1175 509 1218; x_wconf 87' lang='lat' dir='ltr'>nomina</span> <span class='ocrx_word' id='word_1_121' title='bbox 531 1175 803 1229; x_wconf 86' lang='lat' dir='ltr'>eaedemque</span> <span class='ocrx_word' id='word_1_122' title='bbox 825 1172 1001 1215; x_wconf 79' lang='lat' dir='ltr'>fabulae</span> <span class='ocrx_word' id='word_1_123' title='bbox 1034 1172 1088 1214; x_wconf 84' lang='lat' dir='ltr'>ad</span> <span class='ocrx_word' id='word_1_124' title='bbox 1122 1174 1298 1214; x_wconf 81' lang='lat' dir='ltr'>antrum</span> <span class='ocrx_word' id='word_1_125' title='bbox 1331 1170 1557 1225; x_wconf 83' lang='lat' dir='ltr'>corycium</span> <span class='ocrx_word' id='word_1_126' title='bbox 1591 1169 1842 1225; x_wconf 91' lang='lat' dir='ltr'>delphicum</span> 
     </span>
     <span class='ocr_line' id='line_1_15' title="bbox 151 1239 1843 1303; baseline -0.005 -14"><span class='ocrx_word' id='word_1_127' title='bbox 151 1249 286 1303; x_wconf 89' lang='lat' dir='ltr'>atque</span> <span class='ocrx_word' id='word_1_128' title='bbox 317 1246 373 1288; x_wconf 91' lang='lat' dir='ltr'>ad</span> <span class='ocrx_word' id='word_1_129' title='bbox 406 1245 594 1288; x_wconf 89' lang='lat' dir='ltr'>cilicium</span> <span class='ocrx_word' id='word_1_130' title='bbox 626 1245 766 1287; x_wconf 88' lang='lat' dir='ltr'>relata</span> <span class='ocrx_word' id='word_1_131' title='bbox 792 1243 894 1295; x_wconf 84' lang='lat' dir='ltr'>sint,</span> <span class='ocrx_word' id='word_1_132' title='bbox 929 1244 983 1285; x_wconf 94' lang='lat' dir='ltr'>de</span> <span class='ocrx_word' id='word_1_133' title='bbox 1004 1243 1279 1298; x_wconf 84' lang='lat' dir='ltr'>Delphorum</span> <span class='ocrx_word' id='word_1_134' title='bbox 1311 1241 1452 1297; x_wconf 89' lang='lat' dir='ltr'>gloria</span> <span class='ocrx_word' id='word_1_135' title='bbox 1483 1240 1666 1292; x_wconf 84' lang='lat' dir='ltr'>detrahi,</span> <span class='ocrx_word' id='word_1_136' title='bbox 1700 1239 1744 1282; x_wconf 90' lang='lat' dir='ltr'>id</span> <span class='ocrx_word' id='word_1_137' title='bbox 1776 1243 1843 1282; x_wconf 90' lang='lat' dir='ltr'>est</span> 
     </span>
     <span class='ocr_line' id='line_1_16' title="bbox 151 1310 1844 1372; baseline -0.005 -12"><span class='ocrx_word' id='word_1_138' title='bbox 151 1331 240 1360; x_wconf 92' lang='lat' dir='ltr'>non</span> <span class='ocrx_word' id='word_1_139' title='bbox 283 1319 461 1372; x_wconf 76' lang='lat' dir='ltr'>poetam</span> <span class='ocrx_word' id='word_1_140' title='bbox 501 1314 826 1358; x_wconf 90' lang='lat' dir='ltr'>hellenisticum</span> <span class='ocrx_word' id='word_1_141' title='bbox 868 1315 944 1356; x_wconf 90' lang='lat' dir='ltr'>sed</span> <span class='ocrx_word' id='word_1_142' title='bbox 992 1313 1187 1356; x_wconf 82' lang='lat' dir='ltr'>fabulam</span> <span class='ocrx_word' id='word_1_143' title='bbox 1235 1313 1463 1368; x_wconf 88' lang='lat' dir='ltr'>antiquam</span> <span class='ocrx_word' id='word_1_144' title='bbox 1509 1310 1758 1367; x_wconf 86' lang='lat' dir='ltr'>delphicam</span> <span class='ocrx_word' id='word_1_145' title='bbox 1800 1313 1844 1353; x_wconf 87' lang='lat' dir='ltr'>et</span> 
     </span>
     <span class='ocr_line' id='line_1_17' title="bbox 150 1381 1844 1443; baseline -0.004 -13"><span class='ocrx_word' id='word_1_146' title='bbox 150 1387 311 1443; x_wconf 89' lang='lat' dir='ltr'>respici</span> <span class='ocrx_word' id='word_1_147' title='bbox 351 1389 395 1430; x_wconf 90' lang='lat' dir='ltr'>et</span> <span class='ocrx_word' id='word_1_148' title='bbox 431 1385 696 1442; x_wconf 87' lang='lat' dir='ltr'>impugnari.</span> <span class='ocrx_word' id='word_1_149' title='bbox 762 1386 918 1441; x_wconf 91' lang='lat' dir='ltr'>Neque</span> <span class='ocrx_word' id='word_1_150' title='bbox 957 1387 1109 1427; x_wconf 90' lang='lat' dir='ltr'>tamen</span> <span class='ocrx_word' id='word_1_151' title='bbox 1146 1383 1223 1426; x_wconf 86' lang='lat' dir='ltr'>tali</span> <span class='ocrx_word' id='word_1_152' title='bbox 1255 1383 1358 1426; x_wconf 89' lang='lat' dir='ltr'>testi</span> <span class='ocrx_word' id='word_1_153' title='bbox 1390 1382 1435 1424; x_wconf 91' lang='lat' dir='ltr'>in</span> <span class='ocrx_word' id='word_1_154' title='bbox 1466 1383 1550 1424; x_wconf 88' lang='lat' dir='ltr'>hac</span> <span class='ocrx_word' id='word_1_155' title='bbox 1583 1381 1844 1437; x_wconf 84' lang='lat' dir='ltr'>quaestione</span> 
     </span>
     <span class='ocr_line' id='line_1_18' title="bbox 152 1452 1843 1510; baseline -0.004 -10"><span class='ocrx_word' id='word_1_156' title='bbox 152 1459 340 1500; x_wconf 89' lang='lat' dir='ltr'>multum</span> <span class='ocrx_word' id='word_1_157' title='bbox 381 1457 589 1500; x_wconf 84' lang='lat' dir='ltr'>dederim.</span> <span class='ocrx_word' id='word_1_158' title='bbox 658 1456 717 1498; x_wconf 82' lang='lat' dir='ltr'>At</span> <span class='ocrx_word' id='word_1_159' title='bbox 758 1455 1013 1498; x_wconf 88' lang='lat' dir='ltr'>testimonia</span> <span class='ocrx_word' id='word_1_160' title='bbox 1046 1458 1149 1497; x_wconf 90' lang='lat' dir='ltr'>sunt</span> <span class='ocrx_word' id='word_1_161' title='bbox 1183 1454 1342 1510; x_wconf 88' lang='lat' dir='ltr'>quibus</span> <span class='ocrx_word' id='word_1_162' title='bbox 1385 1453 1699 1509; x_wconf 85' lang='lat' dir='ltr'>comprobetur</span> <span class='ocrx_word' id='word_1_163' title='bbox 1738 1452 1843 1493; x_wconf 84' lang='lat' dir='ltr'>illud</span> 
     </span>
     <span class='ocr_line' id='line_1_19' title="bbox 151 1522 1845 1584; baseline -0.004 -13"><span class='ocrx_word' id='word_1_164' title='bbox 151 1542 316 1571; x_wconf 91' lang='lat' dir='ltr'>nomen</span> <span class='ocrx_word' id='word_1_165' title='bbox 338 1527 563 1584; x_wconf 87' lang='lat' dir='ltr'>antiquius</span> <span class='ocrx_word' id='word_1_166' title='bbox 587 1541 683 1570; x_wconf 90' lang='lat' dir='ltr'>esse</span> <span class='ocrx_word' id='word_1_167' title='bbox 707 1541 840 1583; x_wconf 90' lang='lat' dir='ltr'>quam</span> <span class='ocrx_word' id='word_1_168' title='bbox 862 1529 911 1568; x_wconf 92' lang='lat' dir='ltr'>ut</span> <span class='ocrx_word' id='word_1_169' title='bbox 943 1526 998 1568; x_wconf 89' lang='lat' dir='ltr'>ab</span> <span class='ocrx_word' id='word_1_170' title='bbox 1020 1524 1254 1581; x_wconf 85' lang='lat' dir='ltr'>Apollonio</span> <span class='ocrx_word' id='word_1_171' title='bbox 1287 1524 1443 1567; x_wconf 87' lang='lat' dir='ltr'>fictum</span> <span class='ocrx_word' id='word_1_172' title='bbox 1475 1523 1542 1565; x_wconf 90' lang='lat' dir='ltr'>sit.</span> <span class='ocrx_word' id='word_1_173' title='bbox 1598 1522 1845 1565; x_wconf 85' lang='lat' dir='ltr'>Scholiasta</span> 
     </span>
     <span class='ocr_line' id='line_1_20' title="bbox 153 1595 1843 1655; baseline -0.004 -14"><span class='ocrx_word' id='word_1_174' title='bbox 153 1599 270 1642; x_wconf 91' lang='lat' dir='ltr'>enim</span> <span class='ocrx_word' id='word_1_175' title='bbox 300 1598 521 1655; x_wconf 83' lang='lat' dir='ltr'>Apollonii</span> <span class='ocrx_word' id='word_1_176' title='bbox 554 1599 608 1640; x_wconf 87' lang='lat' dir='ltr'>ad</span> <span class='ocrx_word' id='word_1_177' title='bbox 652 1614 692 1641; x_wconf 93' lang='lat' dir='ltr'>v.</span> <span class='ocrx_word' id='word_1_178' title='bbox 718 1600 802 1639; x_wconf 89' lang='grc'>706</span> <span class='ocrx_word' id='word_1_179' title='bbox 836 1596 1067 1640; x_wconf 84' lang='lat' dir='ltr'>adnotavit</span> <span class='ocrx_word' id='word_1_180' title='bbox 1104 1596 1338 1652; x_wconf 76' lang='grc' dir='ltr'><em>Δελφύνην</em></span> <span class='ocrx_word' id='word_1_181' title='bbox 1371 1596 1420 1638; x_wconf 85' lang='grc' dir='ltr'>τὸ</span> <span class='ocrx_word' id='word_1_182' title='bbox 1453 1597 1597 1648; x_wconf 71' lang='grc' dir='ltr'><em>ὄνομα</em></span> <span class='ocrx_word' id='word_1_183' title='bbox 1629 1600 1706 1636; x_wconf 82' lang='grc' dir='ltr'>τοῦ</span> <span class='ocrx_word' id='word_1_184' title='bbox 1739 1595 1843 1650; x_wconf 74' lang='grc' dir='ltr'><em>ὁρᾶ·-</em></span> 
     </span>
     <span class='ocr_line' id='line_1_21' title="bbox 153 1662 1842 1725; baseline -0.004 -12"><span class='ocrx_word' id='word_1_185' title='bbox 153 1685 310 1723; x_wconf 79' lang='grc' dir='ltr'><strong><em>κοντος</em></strong></span> <span class='ocrx_word' id='word_1_186' title='bbox 344 1673 385 1712; x_wconf 81' lang='grc' dir='ltr'>οἳ</span> <span class='ocrx_word' id='word_1_187' title='bbox 415 1671 500 1723; x_wconf 80' lang='grc' dir='ltr'>μὲν</span> <span class='ocrx_word' id='word_1_188' title='bbox 539 1672 798 1725; x_wconf 77' lang='grc' dir='ltr'><em>ἀρρενικῶς,</em></span> <span class='ocrx_word' id='word_1_189' title='bbox 847 1672 887 1711; x_wconf 82' lang='grc' dir='ltr'>οῖ</span> <span class='ocrx_word' id='word_1_190' title='bbox 932 1669 978 1711; x_wconf 86' lang='grc' dir='ltr'>ὁὲ</span> <span class='ocrx_word' id='word_1_191' title='bbox 1022 1668 1237 1723; x_wconf 78' lang='grc' dir='ltr'><em>θηλυκῶς</em></span> <span class='ocrx_word' id='word_1_192' title='bbox 1270 1669 1413 1718; x_wconf 78' lang='grc' dir='ltr'><strong>εἶπον,</strong></span> <span class='ocrx_word' id='word_1_193' title='bbox 1449 1670 1471 1708; x_wconf 88' lang='grc' dir='ltr'><em>ὃ</em></span> <span class='ocrx_word' id='word_1_194' title='bbox 1503 1668 1578 1708; x_wconf 79' lang='grc' dir='ltr'>καὶ</span> <span class='ocrx_word' id='word_1_195' title='bbox 1610 1662 1842 1721; x_wconf 54' lang='grc' dir='ltr'><em>βέλτιονςῢ.</em></span> 
     </span>
     <span class='ocr_line' id='line_1_22' title="bbox 151 1733 1844 1794; baseline -0.004 -12"><span class='ocrx_word' id='word_1_196' title='bbox 151 1740 221 1783; x_wconf 92' lang='lat' dir='ltr'>De</span> <span class='ocrx_word' id='word_1_197' title='bbox 253 1739 377 1782; x_wconf 91' lang='lat' dir='ltr'>cuius</span> <span class='ocrx_word' id='word_1_198' title='bbox 408 1739 599 1782; x_wconf 90' lang='lat' dir='ltr'>nominis</span> <span class='ocrx_word' id='word_1_199' title='bbox 631 1752 797 1794; x_wconf 80' lang='lat' dir='ltr'>genere</span> <span class='ocrx_word' id='word_1_200' title='bbox 819 1737 1095 1793; x_wconf 84' lang='lat' dir='ltr'>grammatici</span> <span class='ocrx_word' id='word_1_201' title='bbox 1127 1737 1444 1788; x_wconf 88' lang='lat' dir='ltr'>dissenserunt,</span> <span class='ocrx_word' id='word_1_202' title='bbox 1478 1735 1583 1777; x_wconf 86' lang='lat' dir='ltr'>illud</span> <span class='ocrx_word' id='word_1_203' title='bbox 1610 1733 1844 1778; x_wconf 85' lang='lat' dir='ltr'>verisimile</span> 
     </span>
     <span class='ocr_line' id='line_1_23' title="bbox 153 1804 1845 1867; baseline -0.004 -14"><span class='ocrx_word' id='word_1_204' title='bbox 153 1814 220 1854; x_wconf 91' lang='lat' dir='ltr'>est</span> <span class='ocrx_word' id='word_1_205' title='bbox 252 1810 483 1867; x_wconf 89' lang='lat' dir='ltr'>antiquom</span> <span class='ocrx_word' id='word_1_206' title='bbox 515 1809 652 1852; x_wconf 83' lang='lat' dir='ltr'>fuisse</span> <span class='ocrx_word' id='word_1_207' title='bbox 684 1812 819 1865; x_wconf 87' lang='lat' dir='ltr'>atque</span> <span class='ocrx_word' id='word_1_208' title='bbox 857 1808 902 1850; x_wconf 88' lang='lat' dir='ltr'>in</span> <span class='ocrx_word' id='word_1_209' title='bbox 934 1822 1026 1851; x_wconf 92' lang='lat' dir='ltr'>non</span> <span class='ocrx_word' id='word_1_210' title='bbox 1058 1807 1211 1864; x_wconf 90' lang='lat' dir='ltr'>paucis</span> <span class='ocrx_word' id='word_1_211' title='bbox 1243 1807 1402 1849; x_wconf 83' lang='lat' dir='ltr'>fabulis</span> <span class='ocrx_word' id='word_1_212' title='bbox 1436 1805 1692 1849; x_wconf 88' lang='lat' dir='ltr'>occurrisse.</span> <span class='ocrx_word' id='word_1_213' title='bbox 1757 1804 1845 1847; x_wconf 84' lang='lat' dir='ltr'>Sed</span> 
     </span>
     <span class='ocr_line' id='line_1_24' title="bbox 153 1875 1845 1937; baseline -0.005 -13"><span class='ocrx_word' id='word_1_214' title='bbox 153 1881 410 1924; x_wconf 88' lang='lat' dir='ltr'>coniectura</span> <span class='ocrx_word' id='word_1_215' title='bbox 427 1895 539 1937; x_wconf 87' lang='lat' dir='ltr'>opus</span> <span class='ocrx_word' id='word_1_216' title='bbox 557 1894 647 1923; x_wconf 89' lang='lat' dir='ltr'>non</span> <span class='ocrx_word' id='word_1_217' title='bbox 667 1882 753 1932; x_wconf 74' lang='lat' dir='ltr'>est,</span> <span class='ocrx_word' id='word_1_218' title='bbox 779 1879 895 1921; x_wconf 89' lang='lat' dir='ltr'>aliud</span> <span class='ocrx_word' id='word_1_219' title='bbox 914 1879 1031 1922; x_wconf 88' lang='lat' dir='ltr'>enim</span> <span class='ocrx_word' id='word_1_220' title='bbox 1054 1878 1269 1921; x_wconf 82' lang='lat' dir='ltr'>scholium</span> <span class='ocrx_word' id='word_1_221' title='bbox 1293 1877 1434 1920; x_wconf 88' lang='lat' dir='ltr'>eidem</span> <span class='ocrx_word' id='word_1_222' title='bbox 1453 1876 1602 1920; x_wconf 89' lang='lat' dir='ltr'>versui</span> <span class='ocrx_word' id='word_1_223' title='bbox 1619 1875 1845 1931; x_wconf 85' lang='lat' dir='ltr'>appictum</span> 
     </span>
     <span class='ocr_line' id='line_1_25' title="bbox 153 1948 1844 2007; baseline -0.004 -13"><span class='ocrx_word' id='word_1_224' title='bbox 153 1954 232 2004; x_wconf 83' lang='lat' dir='ltr'>est,</span> <span class='ocrx_word' id='word_1_225' title='bbox 267 1955 333 1994; x_wconf 83' lang='grc' dir='ltr'>ὅτι</span> <span class='ocrx_word' id='word_1_226' title='bbox 354 1952 586 2007; x_wconf 75' lang='grc' dir='ltr'>Δελφύνης</span> <span class='ocrx_word' id='word_1_227' title='bbox 618 1951 819 1993; x_wconf 79' lang='grc' dir='ltr'>ἐκαλεῖτο</span> <span class='ocrx_word' id='word_1_228' title='bbox 852 1953 874 1992; x_wconf 88' lang='grc' dir='ltr'>ὁ</span> <span class='ocrx_word' id='word_1_229' title='bbox 912 1951 1163 2006; x_wconf 75' lang='grc' dir='ltr'><em>φυλάσσων</em></span> <span class='ocrx_word' id='word_1_230' title='bbox 1196 1950 1245 1991; x_wconf 86' lang='grc' dir='ltr'>τὸ</span> <span class='ocrx_word' id='word_1_231' title='bbox 1272 1951 1321 1991; x_wconf 77' lang='grc' dir='ltr'>ἐν</span> <span class='ocrx_word' id='word_1_232' title='bbox 1345 1948 1533 2004; x_wconf 82' lang='grc' dir='ltr'><em>Δελφοῖς</em></span> <span class='ocrx_word' id='word_1_233' title='bbox 1564 1950 1844 2004; x_wconf 79' lang='grc' dir='ltr'><strong><em>χρηστήριον,</em></strong></span> 
     </span>
     <span class='ocr_line' id='line_1_26' title="bbox 153 2017 1846 2078; baseline -0.005 -12"><span class='ocrx_word' id='word_1_234' title='bbox 153 2023 437 2078; x_wconf 77' lang='grc' dir='ltr'><em>Μαιάνδριος</em></span> <span class='ocrx_word' id='word_1_235' title='bbox 451 2022 479 2077; x_wconf 81' lang='lat'>³)</span> <span class='ocrx_word' id='word_1_236' title='bbox 507 2024 580 2064; x_wconf 80' lang='grc' dir='ltr'>καὶ</span> <span class='ocrx_word' id='word_1_237' title='bbox 601 2022 899 2076; x_wconf 84' lang='grc' dir='ltr'><em>Καλλίμαχος</em></span> <span class='ocrx_word' id='word_1_238' title='bbox 931 2023 1073 2063; x_wconf 79' lang='grc' dir='ltr'><strong>εἶπον.</strong></span> <span class='ocrx_word' id='word_1_239' title='bbox 1130 2020 1223 2062; x_wconf 88' lang='lat' dir='ltr'>Iam</span> <span class='ocrx_word' id='word_1_240' title='bbox 1249 2021 1410 2062; x_wconf 89' lang='lat' dir='ltr'>testem</span> <span class='ocrx_word' id='word_1_241' title='bbox 1433 2021 1477 2061; x_wconf 90' lang='lat' dir='ltr'>et</span> <span class='ocrx_word' id='word_1_242' title='bbox 1501 2017 1768 2061; x_wconf 82' lang='lat' dir='ltr'>Callimacho</span> <span class='ocrx_word' id='word_1_243' title='bbox 1803 2020 1846 2059; x_wconf 90' lang='lat' dir='ltr'>et</span> 
     </span>
     <span class='ocr_line' id='line_1_27' title="bbox 152 2088 1846 2149; baseline -0.004 -14"><span class='ocrx_word' id='word_1_244' title='bbox 152 2093 385 2149; x_wconf 86' lang='lat' dir='ltr'>Apollonio</span> <span class='ocrx_word' id='word_1_245' title='bbox 435 2091 738 2143; x_wconf 78' lang='lat' dir='ltr'>vetustiorem,</span> <span class='ocrx_word' id='word_1_246' title='bbox 790 2091 1096 2134; x_wconf 85' lang='lat' dir='ltr'>Maeandrium</span> <span class='ocrx_word' id='word_1_247' title='bbox 1139 2089 1357 2133; x_wconf 91' lang='lat' dir='ltr'>Milesium</span> <span class='ocrx_word' id='word_1_248' title='bbox 1401 2103 1546 2132; x_wconf 88' lang='lat' dir='ltr'>rerum</span> <span class='ocrx_word' id='word_1_249' title='bbox 1587 2088 1846 2144; x_wconf 86' lang='lat' dir='ltr'>scriptorem</span> 
     </span>
     <span class='ocr_line' id='line_1_28' title="bbox 153 2157 1846 2219; baseline -0.004 -13"><span class='ocrx_word' id='word_1_250' title='bbox 153 2163 471 2216; x_wconf 88' lang='lat' dir='ltr'>nanciscimur;</span> <span class='ocrx_word' id='word_1_251' title='bbox 513 2166 661 2219; x_wconf 87' lang='lat' dir='ltr'>atque,</span> <span class='ocrx_word' id='word_1_252' title='bbox 701 2176 803 2204; x_wconf 90' lang='lat' dir='ltr'>cum</span> <span class='ocrx_word' id='word_1_253' title='bbox 834 2161 1058 2216; x_wconf 82' lang='lat' dir='ltr'>Diogenes</span> <span class='ocrx_word' id='word_1_254' title='bbox 1090 2160 1291 2203; x_wconf 86' lang='lat' dir='ltr'>Laertius</span> <span class='ocrx_word' id='word_1_255' title='bbox 1325 2160 1363 2215; x_wconf 94' lang='lat' dir='ltr'>(I</span> <span class='ocrx_word' id='word_1_256' title='bbox 1390 2162 1462 2214; x_wconf 85' lang='grc'>28)</span> <span class='ocrx_word' id='word_1_257' title='bbox 1495 2162 1685 2202; x_wconf 88' lang='lat' dir='ltr'>testetur</span> <span class='ocrx_word' id='word_1_258' title='bbox 1717 2157 1846 2201; x_wconf 80' lang='lat' dir='ltr'>Calli-</span> 
     </span>
     <span class='ocr_line' id='line_1_29' title="bbox 153 2230 1845 2289; baseline -0.004 -12"><span class='ocrx_word' id='word_1_259' title='bbox 153 2235 359 2277; x_wconf 89' lang='lat' dir='ltr'>machum</span> <span class='ocrx_word' id='word_1_260' title='bbox 396 2233 441 2275; x_wconf 90' lang='lat' dir='ltr'>in</span> <span class='ocrx_word' id='word_1_261' title='bbox 473 2232 648 2285; x_wconf 84' lang='lat' dir='ltr'>lambis,</span> <span class='ocrx_word' id='word_1_262' title='bbox 693 2247 744 2276; x_wconf 90' lang='lat' dir='ltr'>ea</span> <span class='ocrx_word' id='word_1_263' title='bbox 784 2232 963 2289; x_wconf 87' lang='lat' dir='ltr'>quidem</span> <span class='ocrx_word' id='word_1_264' title='bbox 1001 2234 1128 2288; x_wconf 89' lang='lat' dir='ltr'>parte</span> <span class='ocrx_word' id='word_1_265' title='bbox 1169 2245 1284 2288; x_wconf 91' lang='lat' dir='ltr'>quae</span> <span class='ocrx_word' id='word_1_266' title='bbox 1323 2230 1452 2273; x_wconf 85' lang='lat' dir='ltr'>nobis</span> <span class='ocrx_word' id='word_1_267' title='bbox 1493 2244 1636 2285; x_wconf 86' lang='lat' dir='ltr'>nuper</span> <span class='ocrx_word' id='word_1_268' title='bbox 1676 2243 1845 2285; x_wconf 71' lang='lat' dir='ltr'>papyro</span> 
     </span>
     <span class='ocr_line' id='line_1_30' title="bbox 153 2299 1847 2360; baseline -0.004 -13"><span class='ocrx_word' id='word_1_269' title='bbox 153 2305 325 2348; x_wconf 89' lang='lat' dir='ltr'>reddita</span> <span class='ocrx_word' id='word_1_270' title='bbox 348 2307 415 2347; x_wconf 88' lang='lat' dir='ltr'>est</span> <span class='ocrx_word' id='word_1_271' title='bbox 442 2304 627 2359; x_wconf 80' lang='lat' dir='ltr'>(Oxyrh.</span> <span class='ocrx_word' id='word_1_272' title='bbox 652 2304 758 2360; x_wconf 89' lang='lat' dir='ltr'>Pap.</span> <span class='ocrx_word' id='word_1_273' title='bbox 784 2304 867 2346; x_wconf 90' lang='lat' dir='ltr'>VII</span> <span class='ocrx_word' id='word_1_274' title='bbox 894 2318 934 2359; x_wconf 89' lang='lat' dir='ltr'>p.</span> <span class='ocrx_word' id='word_1_275' title='bbox 960 2305 1010 2344; x_wconf 88' lang='grc'>31</span> <span class='ocrx_word' id='word_1_276' title='bbox 1035 2317 1146 2358; x_wconf 64' lang='lat' dir='ltr'>sqq„</span> <span class='ocrx_word' id='word_1_277' title='bbox 1170 2317 1210 2345; x_wconf 90' lang='lat' dir='ltr'>v.</span> <span class='ocrx_word' id='word_1_278' title='bbox 1239 2305 1320 2344; x_wconf 87' lang='grc'>103</span> <span class='ocrx_word' id='word_1_279' title='bbox 1337 2304 1466 2357; x_wconf 72' lang='lat' dir='ltr'>sqq),</span> <span class='ocrx_word' id='word_1_280' title='bbox 1500 2299 1770 2343; x_wconf 90' lang='lat' dir='ltr'>historiolam</span> <span class='ocrx_word' id='word_1_281' title='bbox 1793 2300 1847 2342; x_wconf 93' lang='lat' dir='ltr'>de</span> 
     </span>
     <span class='ocr_line' id='line_1_31' title="bbox 153 2371 1846 2431; baseline -0.004 -14"><span class='ocrx_word' id='word_1_282' title='bbox 153 2375 381 2431; x_wconf 87' lang='lat' dir='ltr'>Bathyclis</span> <span class='ocrx_word' id='word_1_283' title='bbox 413 2375 573 2431; x_wconf 82' lang='lat' dir='ltr'>poculo</span> <span class='ocrx_word' id='word_1_284' title='bbox 612 2375 744 2431; x_wconf 89' lang='lat' dir='ltr'>quod,</span> <span class='ocrx_word' id='word_1_285' title='bbox 794 2372 1119 2429; x_wconf 89' lang='lat' dir='ltr'>sapientissimo</span> <span class='ocrx_word' id='word_1_286' title='bbox 1160 2371 1320 2428; x_wconf 88' lang='lat' dir='ltr'>cuique</span> <span class='ocrx_word' id='word_1_287' title='bbox 1359 2371 1665 2425; x_wconf 71' lang='lat' dir='ltr'>addicendum,</span> <span class='ocrx_word' id='word_1_288' title='bbox 1712 2385 1846 2412; x_wconf 91' lang='lat' dir='ltr'>unus-</span> 
     </span>
     <span class='ocr_line' id='line_1_32' title="bbox 155 2441 1847 2502; baseline -0.003 -14"><span class='ocrx_word' id='word_1_289' title='bbox 155 2446 343 2502; x_wconf 89' lang='lat' dir='ltr'>quisque</span> <span class='ocrx_word' id='word_1_290' title='bbox 382 2459 406 2488; x_wconf 91' lang='grc' dir='ltr'><strong>θ</strong></span> <span class='ocrx_word' id='word_1_291' title='bbox 448 2448 619 2501; x_wconf 88' lang='lat' dir='ltr'>septem</span> <span class='ocrx_word' id='word_1_292' title='bbox 661 2444 935 2500; x_wconf 85' lang='lat' dir='ltr'>sapientibus</span> <span class='ocrx_word' id='word_1_293' title='bbox 976 2458 1068 2486; x_wconf 89' lang='lat' dir='ltr'>non</span> <span class='ocrx_word' id='word_1_294' title='bbox 1110 2443 1192 2485; x_wconf 90' lang='lat' dir='ltr'>sibi</span> <span class='ocrx_word' id='word_1_295' title='bbox 1233 2443 1311 2485; x_wconf 91' lang='lat' dir='ltr'>sed</span> <span class='ocrx_word' id='word_1_296' title='bbox 1352 2442 1423 2484; x_wconf 85' lang='lat' dir='ltr'>alii</span> <span class='ocrx_word' id='word_1_297' title='bbox 1465 2441 1773 2493; x_wconf 89' lang='lat' dir='ltr'>adiudicasset,</span> <span class='ocrx_word' id='word_1_298' title='bbox 1824 2454 1847 2483; x_wconf 93' lang='lat' dir='ltr'>e</span> 
     </span>
    </p>
   </div>
   <div class='ocr_carea' id='block_1_3' title="bbox 153 2524 435 2529">
    <p class='ocr_par' dir='ltr' id='par_1_3' title="bbox 153 2524 435 2529">
     <span class='ocr_line' id='line_1_33' title="bbox 153 2524 435 2529; baseline 0 0"><span class='ocrx_word' id='word_1_299' title='bbox 153 2524 435 2529; x_wconf 95' lang='lat' dir='ltr'> </span> 
     </span>
    </p>
   </div>
   <div class='ocr_carea' id='block_1_4' title="bbox 153 2546 1850 3064">
    <p class='ocr_par' dir='ltr' id='par_1_4' title="bbox 153 2546 1848 2645">
     <span class='ocr_line' id='line_1_34' title="bbox 274 2546 1848 2596; baseline -0.003 -11"><span class='ocrx_word' id='word_1_300' title='bbox 274 2552 299 2596; x_wconf 73' lang='grc' dir='ltr'>ι)</span> <span class='ocrx_word' id='word_1_301' title='bbox 326 2551 434 2586; x_wconf 89' lang='lat' dir='ltr'>Illum</span> <span class='ocrx_word' id='word_1_302' title='bbox 466 2551 612 2585; x_wconf 86' lang='lat' dir='ltr'>draconi</span> <span class='ocrx_word' id='word_1_303' title='bbox 644 2561 772 2585; x_wconf 90' lang='lat' dir='ltr'>nomen</span> <span class='ocrx_word' id='word_1_304' title='bbox 803 2550 976 2584; x_wconf 89' lang='lat' dir='ltr'>indidisse</span> <span class='ocrx_word' id='word_1_305' title='bbox 1008 2548 1157 2592; x_wconf 86' lang='lat' dir='ltr'>nullum,</span> <span class='ocrx_word' id='word_1_306' title='bbox 1196 2548 1323 2583; x_wconf 81' lang='grc' dir='ltr'><strong><em>Πυθώ</em></strong></span> <span class='ocrx_word' id='word_1_307' title='bbox 1354 2548 1420 2582; x_wconf 90' lang='lat' dir='ltr'>hoc</span> <span class='ocrx_word' id='word_1_308' title='bbox 1452 2547 1528 2582; x_wconf 88' lang='lat' dir='ltr'>loco</span> <span class='ocrx_word' id='word_1_309' title='bbox 1555 2546 1712 2590; x_wconf 87' lang='lat' dir='ltr'>Delphos</span> <span class='ocrx_word' id='word_1_310' title='bbox 1738 2547 1848 2591; x_wconf 81' lang='lat' dir='ltr'>signi-</span> 
     </span>
     <span class='ocr_line' id='line_1_35' title="bbox 153 2609 730 2645; baseline -0.003 0"><span class='ocrx_word' id='word_1_311' title='bbox 153 2610 261 2645; x_wconf 87' lang='lat' dir='ltr'>ficare</span> <span class='ocrx_word' id='word_1_312' title='bbox 287 2621 369 2644; x_wconf 84' lang='lat' dir='ltr'>mox</span> <span class='ocrx_word' id='word_1_313' title='bbox 395 2609 730 2645; x_wconf 74' lang='lat' dir='ltr'>demonstrabimus.</span> 
     </span>
    </p>

    <p class='ocr_par' dir='ltr' id='par_1_5' title="bbox 154 2664 1847 2772">
     <span class='ocr_line' id='line_1_36' title="bbox 271 2664 1847 2713; baseline -0.004 -10"><span class='ocrx_word' id='word_1_314' title='bbox 271 2669 299 2713; x_wconf 81' lang='lat'>2)</span> <span class='ocrx_word' id='word_1_315' title='bbox 324 2669 430 2703; x_wconf 90' lang='lat' dir='ltr'>Hunc</span> <span class='ocrx_word' id='word_1_316' title='bbox 455 2679 580 2702; x_wconf 88' lang='lat' dir='ltr'>rursus</span> <span class='ocrx_word' id='word_1_317' title='bbox 606 2668 724 2702; x_wconf 90' lang='lat' dir='ltr'>locum</span> <span class='ocrx_word' id='word_1_318' title='bbox 749 2668 960 2711; x_wconf 88' lang='lat' dir='ltr'>Anonymus</span> <span class='ocrx_word' id='word_1_319' title='bbox 982 2667 1153 2709; x_wconf 85' lang='lat' dir='ltr'>Crameri‚</span> <span class='ocrx_word' id='word_1_320' title='bbox 1180 2667 1282 2700; x_wconf 84' lang='lat' dir='ltr'>cuius</span> <span class='ocrx_word' id='word_1_321' title='bbox 1308 2676 1417 2709; x_wconf 85' lang='lat' dir='ltr'>supra</span> <span class='ocrx_word' id='word_1_322' title='bbox 1443 2666 1662 2700; x_wconf 77' lang='lat' dir='ltr'>mentionem</span> <span class='ocrx_word' id='word_1_323' title='bbox 1686 2664 1847 2707; x_wconf 81' lang='lat' dir='ltr'>fecimus,</span> 
     </span>
     <span class='ocr_line' id='line_1_37' title="bbox 154 2728 551 2772; baseline -0.003 -10"><span class='ocrx_word' id='word_1_324' title='bbox 154 2729 371 2772; x_wconf 81' lang='lat' dir='ltr'>expressisse</span> <span class='ocrx_word' id='word_1_325' title='bbox 397 2728 551 2762; x_wconf 88' lang='lat' dir='ltr'>videtur.</span> 
     </span>
    </p>

    <p class='ocr_par' dir='ltr' id='par_1_6' title="bbox 155 2782 1850 3064">
     <span class='ocr_line' id='line_1_38' title="bbox 273 2782 1848 2832; baseline -0.004 -11"><span class='ocrx_word' id='word_1_326' title='bbox 273 2787 300 2832; x_wconf 79' lang='lat'>⁸)</span> <span class='ocrx_word' id='word_1_327' title='bbox 325 2786 530 2832; x_wconf 82' lang='grc' dir='ltr'>Δεάνὸριος</span> <span class='ocrx_word' id='word_1_328' title='bbox 557 2796 636 2820; x_wconf 89' lang='lat' dir='ltr'>cum</span> <span class='ocrx_word' id='word_1_329' title='bbox 662 2786 788 2820; x_wconf 85' lang='lat' dir='ltr'>multis</span> <span class='ocrx_word' id='word_1_330' title='bbox 815 2785 897 2820; x_wconf 85' lang='lat' dir='ltr'>aliis</span> <span class='ocrx_word' id='word_1_331' title='bbox 923 2785 1012 2819; x_wconf 89' lang='lat' dir='ltr'>locis</span> <span class='ocrx_word' id='word_1_332' title='bbox 1037 2788 1116 2818; x_wconf 90' lang='lat' dir='ltr'>tum</span> <span class='ocrx_word' id='word_1_333' title='bbox 1140 2783 1198 2817; x_wconf 91' lang='lat' dir='ltr'>hic</span> <span class='ocrx_word' id='word_1_334' title='bbox 1223 2783 1394 2826; x_wconf 78' lang='lat' dir='ltr'>traditur,</span> <span class='ocrx_word' id='word_1_335' title='bbox 1427 2783 1488 2817; x_wconf 89' lang='lat' dir='ltr'>sed</span> <span class='ocrx_word' id='word_1_336' title='bbox 1514 2783 1621 2826; x_wconf 86' lang='lat' dir='ltr'>pauci</span> <span class='ocrx_word' id='word_1_337' title='bbox 1647 2785 1743 2824; x_wconf 88' lang='lat' dir='ltr'>sunt,</span> <span class='ocrx_word' id='word_1_338' title='bbox 1770 2782 1848 2823; x_wconf 84' lang='lat' dir='ltr'>quj-</span> 
     </span>
     <span class='ocr_line' id='line_1_39' title="bbox 155 2840 1848 2889; baseline -0.004 -10"><span class='ocrx_word' id='word_1_339' title='bbox 155 2845 221 2879; x_wconf 90' lang='lat' dir='ltr'>bus</span> <span class='ocrx_word' id='word_1_340' title='bbox 244 2846 403 2889; x_wconf 88' lang='lat' dir='ltr'>genuina</span> <span class='ocrx_word' id='word_1_341' title='bbox 420 2844 624 2879; x_wconf 87' lang='lat' dir='ltr'>Maeandrii</span> <span class='ocrx_word' id='word_1_342' title='bbox 649 2845 804 2878; x_wconf 89' lang='lat' dir='ltr'>nominis</span> <span class='ocrx_word' id='word_1_343' title='bbox 830 2844 945 2878; x_wconf 79' lang='lat' dir='ltr'>forma</span> <span class='ocrx_word' id='word_1_344' title='bbox 971 2847 1144 2878; x_wconf 86' lang='lat' dir='ltr'>servetur.</span> <span class='ocrx_word' id='word_1_345' title='bbox 1189 2842 1339 2876; x_wconf 87' lang='lat' dir='ltr'>Rhodiis</span> <span class='ocrx_word' id='word_1_346' title='bbox 1364 2843 1498 2883; x_wconf 89' lang='lat' dir='ltr'>iniquis</span> <span class='ocrx_word' id='word_1_347' title='bbox 1523 2841 1644 2875; x_wconf 90' lang='lat' dir='ltr'>litium</span> <span class='ocrx_word' id='word_1_348' title='bbox 1669 2840 1848 2874; x_wconf 88' lang='lat' dir='ltr'>iudicibus</span> 
     </span>
     <span class='ocr_line' id='line_1_40' title="bbox 156 2898 1849 2942; baseline -0.003 -5"><span class='ocrx_word' id='word_1_349' title='bbox 156 2903 198 2937; x_wconf 89' lang='lat' dir='ltr'>de</span> <span class='ocrx_word' id='word_1_350' title='bbox 231 2903 364 2938; x_wconf 86' lang='lat' dir='ltr'>finibus</span> <span class='ocrx_word' id='word_1_351' title='bbox 398 2905 495 2938; x_wconf 88' lang='lat' dir='ltr'>inter</span> <span class='ocrx_word' id='word_1_352' title='bbox 521 2903 660 2939; x_wconf 87' lang='lat' dir='ltr'>Samios</span> <span class='ocrx_word' id='word_1_353' title='bbox 687 2906 724 2937; x_wconf 91' lang='lat' dir='ltr'>et</span> <span class='ocrx_word' id='word_1_354' title='bbox 749 2903 963 2937; x_wconf 86' lang='lat' dir='ltr'>Prienenses</span> <span class='ocrx_word' id='word_1_355' title='bbox 999 2912 1070 2935; x_wconf 89' lang='lat' dir='ltr'>non</span> <span class='ocrx_word' id='word_1_356' title='bbox 1105 2901 1282 2935; x_wconf 89' lang='lat' dir='ltr'>credimus</span> <span class='ocrx_word' id='word_1_357' title='bbox 1318 2900 1490 2934; x_wconf 82' lang='lat' dir='ltr'>historias</span> <span class='ocrx_word' id='word_1_358' title='bbox 1524 2909 1616 2942; x_wconf 87' lang='lat' dir='ltr'>quae</span> <span class='ocrx_word' id='word_1_359' title='bbox 1646 2898 1849 2933; x_wconf 84' lang='lat' dir='ltr'>Maeandrii</span> 
     </span>
     <span class='ocr_line' id='line_1_41' title="bbox 155 2957 1850 3003; baseline -0.002 -8"><span class='ocrx_word' id='word_1_360' title='bbox 155 2963 298 2996; x_wconf 87' lang='lat' dir='ltr'>nomine</span> <span class='ocrx_word' id='word_1_361' title='bbox 325 2962 641 2997; x_wconf 71' lang='lat' dir='ltr'>circumferrentur</span> <span class='ocrx_word' id='word_1_362' title='bbox 666 2973 688 2996; x_wconf 89' lang='lat' dir='ltr'>a</span> <span class='ocrx_word' id='word_1_363' title='bbox 713 2961 839 2996; x_wconf 89' lang='lat' dir='ltr'>multis</span> <span class='ocrx_word' id='word_1_364' title='bbox 863 2960 976 2995; x_wconf 77' lang='lat' dir='ltr'>falsas</span> <span class='ocrx_word' id='word_1_365' title='bbox 1001 2960 1233 2995; x_wconf 73' lang='lat' dir='ltr'>existimat-,as</span> <span class='ocrx_word' id='word_1_366' title='bbox 1259 2969 1336 2994; x_wconf 86' lang='lat' dir='ltr'>esse</span> <span class='ocrx_word' id='word_1_367' title='bbox 1368 2957 1574 3003; x_wconf 87' lang='lat' dir='ltr'>(titulorum</span> <span class='ocrx_word' id='word_1_368' title='bbox 1605 2958 1850 3002; x_wconf 91' lang='lat' dir='ltr'>prienensium</span> 
     </span>
     <span class='ocr_line' id='line_1_42' title="bbox 158 3020 939 3064; baseline -0.001 -10"><span class='ocrx_word' id='word_1_369' title='bbox 158 3020 203 3054; x_wconf 80' lang='lat' dir='ltr'>ab</span> <span class='ocrx_word' id='word_1_370' title='bbox 228 3020 365 3055; x_wconf 87' lang='lat' dir='ltr'>Hillero</span> <span class='ocrx_word' id='word_1_371' title='bbox 392 3020 624 3056; x_wconf 82' lang='lat' dir='ltr'>collectorum</span> <span class='ocrx_word' id='word_1_372' title='bbox 650 3031 703 3054; x_wconf 92' lang='lat' dir='ltr'>nr.</span> <span class='ocrx_word' id='word_1_373' title='bbox 723 3021 766 3054; x_wconf 81' lang='lat'>37</span> <span class='ocrx_word' id='word_1_374' title='bbox 794 3031 826 3055; x_wconf 87' lang='lat' dir='ltr'>v.</span> <span class='ocrx_word' id='word_1_375' title='bbox 848 3020 939 3064; x_wconf 79' lang='lat'>123).</span> 
     </span>
    </p>
   </div>
  </div>
 </body>
</html>
