2180 3482
313 272 393 311 150
748 268 801 301 De
829 267 970 309 aliquot
994 267 1208 309 hymnorum
1233 266 1348 301 forma
1373 270 1410 300 et
1434 266 1560 311 figura.

309 375 494 418 cessisse
536 378 584 417 ut
626 374 706 416 sibi
749 372 831 415 iter
872 372 928 414 ad
959 371 1231 415 historiolam
1269 371 1460 415 facetam
1499 373 1763 414 narrandam
1798 372 2001 415 muniret.

310 446 417 488 Arte
450 444 660 500 singulari
694 459 719 486 a
752 442 925 486 Cereris
957 442 1390 498 peregrinationibus
1424 443 1479 485 ad
1510 443 1631 498 leges
1666 457 1914 495 concessas,
1949 444 2005 485 ad

310 530 472 572 panem
511 516 757 565 inventum,
801 513 904 556 inde
944 514 999 555 ad
1032 513 1273 568 superbum
1306 513 1511 568 punitum
1542 513 1880 568 transgreditur,
1928 514 2005 556 sed

314 586 385 628 tali
418 588 511 628 arte
544 589 592 627 ut
623 584 846 627 neminem
878 583 1021 638 fugiat
1053 586 1193 626 artem
1225 584 1343 625 illam
1376 598 1485 635 esse,
1519 598 1609 626 non
1644 587 1860 626 naturam.

429 656 618 699 Palladis
666 656 844 698 lavacra
892 655 1028 696 multo
1078 654 1298 696 sollertius
1346 654 1593 710 composita
1638 654 1856 697 videntur.
1921 653 2006 706 Qui

313 727 519 783 loquitur,
555 727 626 770 vel
653 740 814 782 praeco
849 728 915 767 est
947 725 1019 767 vel
1051 723 1284 780 praeconis
1312 723 1509 766 officium
1533 724 1577 765 in
1601 739 1648 767 se
1679 724 1860 780 recepit.
1914 725 2006 765 Iam

314 813 339 840 a
382 797 587 839 carminis
620 796 743 838 initio
783 810 809 838 a
840 795 1042 837 Minerva
1073 797 1265 846 tenetur,
1313 794 1514 846 habetur,
1564 794 1826 850 possidetur,
1866 797 1915 836 ut
1953 794 2008 836 de

314 869 434 910 nulla
479 867 563 910 alia
606 881 653 909 re
699 866 878 921 cogitet,
927 865 1035 907 nihil
1083 865 1201 907 aliud
1248 864 1507 920 conspicere
1553 864 1633 906 sibi
1675 864 1878 908 videatur
1924 863 2009 905 nisi

313 939 455 995 ipsam
488 939 614 981 deam
647 939 942 994 praesentem.
1006 935 1254 979 Identidem
1292 938 1441 978 tamen
1475 934 1811 991 exspectatione
1844 934 2007 991 decipi-

315 1014 399 1061 tur,
424 1009 665 1052 identidem
689 1023 785 1051 sese
809 1006 1145 1063 exspectatione
1169 1007 1405 1062 deceptum
1430 1005 1682 1048 confitetur.
1718 1006 1830 1048 Nam
1853 1005 2008 1048 carmi-

316 1081 384 1122 nis
417 1079 555 1131 initio,
590 1079 715 1136 quasi
748 1078 845 1135 ipsa
877 1079 960 1120 dea
992 1077 1119 1129 adsit,
1163 1078 1332 1133 puellas
1365 1079 1529 1129 monet,
1569 1080 1615 1119 ut
1650 1075 1848 1119 officium
1881 1091 2009 1118 suum

317 1155 357 1194 et
382 1151 465 1193 rite
489 1154 532 1193 et
555 1150 706 1193 sedulo
731 1149 959 1205 expleant:
996 1162 1042 1190 se
1066 1147 1183 1190 enim
1207 1148 1316 1191 deae
1340 1161 1555 1204 equorum
1586 1146 1812 1189 fremitum
1845 1145 2008 1189 audire.

316 1223 368 1264 V.
393 1225 462 1273 33,
501 1221 607 1264 item
642 1236 681 1263 v.
705 1223 761 1262 43
800 1234 890 1261 non
928 1219 1015 1261 iam
1054 1219 1223 1274 puellas
1262 1221 1426 1273 monet,
1473 1219 1551 1261 sed
1593 1217 1733 1273 ipsam
1765 1216 2010 1260 Minervam

317 1295 413 1334 orat
460 1294 506 1334 ut
556 1292 752 1347 prodeat,
801 1305 826 1332 a
864 1289 1093 1332 Minervae
1140 1288 1426 1333 invocatione
1464 1289 1519 1330 ad
1556 1289 1725 1344 puellas
1764 1288 2010 1330 monendas

318 1362 604 1405 convertitur.
668 1362 719 1403 In
759 1361 853 1416 ipso
893 1361 1075 1403 tandem
1114 1359 1320 1402 carminis
1360 1359 1566 1401 umbilico
1607 1362 1664 1413 (v.
1690 1362 1836 1415 55sq.)
1878 1358 2012 1401 sentit

317 1433 563 1476 Minervam
612 1432 751 1475 serius
797 1431 987 1474 fortasse
1035 1430 1287 1473 adfuturam
1335 1445 1469 1487 quam
1511 1432 1722 1486 sperarat,
1770 1428 1926 1485 puellis
1966 1442 2012 1471 se

319 1507 523 1560 paratum
551 1502 732 1546 exhibet
763 1502 991 1544 historiam
1023 1515 1216 1553 narrare,
1250 1504 1299 1543 ut¹
1332 1501 1469 1543 otium
1503 1501 1692 1556 expleat.
1738 1500 1895 1556 Neque
1926 1499 2013 1541 iam

321 1574 433 1628 ἔξιθ’
458 1574 688 1617 Ἀθαναία
710 1573 903 1624 invocat,
939 1573 1015 1615 sed
1039 1571 1183 1615 πότνι’
1208 1573 1439 1614 Ἀθαναία
1465 1575 1521 1614 τὺ
1553 1573 1650 1625 μὲν
1677 1571 1807 1625 ἔξιθι,
1836 1572 2013 1626 μέσφα

322 1645 358 1688 ὁ’
394 1647 482 1701 ἐγώ
515 1661 553 1687 τι
594 1643 734 1687 ταῖσδ’
767 1646 891 1700 ἐρέω,
941 1643 1016 1685 ubi
1064 1643 1135 1685 illa
1182 1656 1293 1685 voce
1338 1644 1492 1698 μέσφα
1534 1641 1808 1694 „interdum“
1852 1655 1899 1684 se
1937 1655 2012 1684 ex-

322 1714 600 1772 spectatione
647 1715 885 1770 deceptum
928 1728 1019 1756 non
1071 1713 1167 1755 dico
1217 1712 1469 1765 confitetur,
1519 1713 1596 1755 sed
1643 1713 1862 1768 pudenter
1909 1727 2015 1768 quo-

321 1786 555 1828 dammodo
609 1784 844 1840 significat.
908 1784 1104 1826 Historia
1156 1784 1366 1826 conclusa
1417 1783 1564 1840 prodit
1614 1782 1827 1835 Minerva,
1882 1797 2015 1839 quam

321 1859 451 1913 poeta
486 1871 576 1899 non
609 1856 695 1898 iam
728 1855 972 1907 absentem,
1007 1856 1084 1898 sed
1117 1869 1272 1898 revera
1304 1857 1586 1910 praesentem
1619 1853 1868 1910 alloquitur.
1927 1853 2016 1896 Sed

319 1927 502 1970 historia
527 1941 618 1969 non
651 1941 674 1969 e
705 1926 949 1982 longinquo
982 1940 1063 1982 per
1094 1925 1336 1969 rivulorum
1365 1924 1511 1968 flexus
1544 1925 1735 1967 deducta
1767 1927 1846 1976 est,
1881 1924 1959 1966 sed
1991 1937 2016 1966 e

319 1997 443 2040 fonte
475 1997 697 2040 uberrimo
731 1998 978 2053 eodemque
1009 1995 1210 2053 proximo
1242 1997 1414 2041 hausta.
1474 1995 1587 2038 Cum
1620 1995 1736 2038 enim
1770 1994 1896 2051 quasi
1927 1994 2013 2037 for-

320 2068 431 2110 tuito
485 2067 781 2111 Callimachus
834 2068 1002 2123 puellas
1054 2066 1287 2118 monuerit,
1344 2080 1402 2109 ne
1452 2066 1758 2122 imprudentes
1811 2079 1834 2108 e
1889 2065 2014 2108 fonte

319 2138 539 2190 hauriant,
582 2137 878 2194 periculosum
921 2137 1038 2180 enim
1078 2137 1338 2180 mortalibus
1378 2150 1475 2180 esse
1509 2151 1609 2179 cum
1642 2135 1749 2178 alios
1782 2136 1887 2178 deos
1918 2139 2013 2178 tum

320 2208 566 2252 Minervam
607 2208 878 2264 conspicere,
919 2208 959 2251 ei
989 2208 1035 2250 in
1067 2210 1263 2250 mentem
1296 2206 1434 2260 venit,
1476 2210 1527 2249 ut
1558 2206 1705 2250 nobile
1737 2206 1867 2248 huius
1901 2206 2014 2262 peri-

322 2279 407 2322 culi
441 2280 692 2336 exemplum
731 2282 896 2331 narret,
938 2278 1166 2321 historiam
1200 2292 1332 2334 quam
1365 2277 1468 2320 dixi.
1532 2277 1703 2320 Pariter
1734 2291 1824 2319 una
1855 2277 2015 2320 vocula

321 2349 470 2392 addita
502 2350 640 2407 ὲ’ρχετ’
677 2350 903 2394 Ἀθαναία
936 2355 1021 2393 νῦν
1055 2351 1289 2406 ἀτρεκές,
1326 2363 1473 2401 „nunc
1504 2348 1686 2390 tandem
1718 2361 1906 2391 revera
1936 2346 2013 2389 Mi-

321 2434 461 2464 nerva
492 2421 681 2476 proclit“‚
716 2420 828 2463 illius
861 2420 1074 2463 laetitiam
1114 2419 1251 2463 oculis
1299 2418 1472 2471 subicit,
1519 2418 1593 2475 qui
1638 2417 1806 2460 tamdiu
1850 2417 2015 2460 frustra

321 2491 662 2547 exspectaverit.
725 2492 873 2547 Atque
910 2491 955 2533 id
993 2504 1171 2547 quoque
1209 2490 1316 2532 mihi
1348 2489 1452 2532 artis
1487 2488 1742 2532 excultioris
1775 2489 2013 2531 documen-

320 2564 415 2603 tum
448 2561 636 2613 videtur,
677 2562 796 2618 quod
833 2561 1005 2604 facilius
1043 2560 1172 2603 nobis
1205 2560 1361 2603 animis
1393 2562 1731 2616 repraesentare
1764 2573 2012 2616 possumus,

322 2631 419 2688 quis
451 2632 487 2673 is
521 2632 595 2688 qui
627 2632 821 2689 loquitur
853 2632 921 2684 sit,
954 2646 1116 2688 praeco
1151 2631 1369 2675 videlicet.

437 2703 639 2744 Eandem
670 2702 765 2745 fere
798 2705 938 2745 artem
970 2702 1015 2744 in
1047 2701 1263 2758 Apollinis
1301 2702 1468 2757 hymno
1503 2699 1889 2756 deprehendimus,
1929 2698 2014 2741 nisi

321 2773 439 2828 quod
488 2776 631 2815 totum
681 2787 860 2816 carmen
907 2773 1045 2815 multo
1094 2772 1293 2815 callidius
1341 2771 1632 2827 compositum
1682 2772 1761 2812 est.
1826 2769 2013 2825 Saepius

319 2843 583 2895 monuimus,
619 2847 786 2900 quanta
818 2847 912 2886 arte
936 2843 1231 2887 Callimachus
1265 2857 1312 2885 se
1333 2857 1425 2885 non
1451 2854 1717 2897 praeconem
1750 2843 2013 2882 consuetum

321 2916 364 2955 et
396 2913 763 2966 mercennarium,
797 2914 875 2957 sed
905 2913 1130 2956 hominem
1161 2913 1306 2969 fingat
1337 2913 1391 2955 de
1423 2912 1566 2963 turba,
1601 2910 1676 2967 qui
1708 2925 1832 2953 sacro
1864 2910 2013 2953 furore

322 2987 550 3039 correptus
597 2984 829 3039 praeconis
874 2984 995 3027 vices
1041 2984 1087 3025 in
1137 2997 1184 3026 se
1231 2982 1428 3039 recipiat,
1477 2980 1805 3024 multitudinem
1848 2983 2010 3032 tacere,

322 3067 557 3110 puerorum
606 3055 789 3098 chorum
837 3068 997 3098 canere
1046 3054 1206 3097 saltare
1251 3053 1467 3105 hortetur,
1515 3052 1610 3109 ipse
1654 3050 1725 3094 dei
1769 3050 2009 3104 „virtutes“
