2180 3482
576 216 714 261 Cyrene
740 220 862 252 utrum
887 215 1049 252 thessala
1075 228 1121 252 an
1145 217 1284 262 libyssa
1308 217 1418 253 fuerit
1784 221 1840 261 99

152 323 387 365 Maltenius
429 325 488 378 (p.
514 325 568 364 57
583 325 698 378 sqq.)
738 322 968 365 contendit
1002 322 1318 365 Callimachum
1350 323 1581 379 pristinam
1614 323 1744 366 huius
1775 323 1839 366 fa-

151 393 281 435 bulae
304 392 560 436 memoriam
583 395 930 448 repraesentare.
982 392 1118 435 Cuius
1142 396 1404 448 argumenta
1436 408 1704 450 quamquam
1735 394 1841 436 mihi

150 478 241 505 non
274 463 422 505 omnia
454 463 617 518 pariter
650 463 907 517 probantur,
950 462 1167 505 confiteor
1206 467 1354 506 tamen
1393 463 1514 506 illum
1546 463 1589 505 id
1622 463 1838 517 effecisse,

151 534 269 589 quod
310 533 467 585 voluit;
515 547 602 589 qua
643 547 748 575 vero
791 533 845 575 de
884 547 1017 575 causa
1055 533 1275 575 Hesiodus
1315 534 1524 588 Cyrenen
1562 534 1753 589 libycam
1794 534 1839 576 in

149 603 419 646 Thessaliam
437 603 724 655 transtulerit,
750 603 854 658 quid
873 617 896 645 e
913 603 1062 645 fabula
1086 604 1139 645 ab
1159 617 1209 646 eo
1229 604 1475 660 composita
1497 605 1567 647 vel
1592 607 1762 647 mutata
1785 605 1840 647 ad

148 673 373 716 historiam
398 674 673 729 Cyrenarum
696 674 966 716 noscendam
991 675 1223 725 redundet,
1258 675 1311 717 de
1333 674 1400 716 his
1426 674 1558 717 rebus
1582 689 1607 716 a
1628 674 1838 717 Maltenio

148 745 437 786 vehementer
470 743 692 787 dissentio.
734 744 821 786 Sed
855 759 969 800 quae
1001 744 1107 786 mihi
1139 744 1252 786 illius
1285 744 1504 800 opinionis
1537 745 1840 787 sustentacula

147 813 324 856 infirma
355 814 603 866 videantur,
647 814 786 869 primo
827 815 1062 867 enarrabo;
1105 817 1199 856 tum
1242 818 1504 869 argumenta
1536 815 1590 857 ab
1624 829 1675 857 eo
1709 815 1840 857 allata

146 898 225 939 pro
258 884 371 927 virili
405 887 531 940 parte
559 885 764 940 supplere
798 885 1009 937 conabor;
1058 888 1152 926 tum
1186 885 1378 940 denique
1411 899 1521 941 quas
1555 884 1838 940 quaestiones

147 957 345 997 extremo
379 955 475 997 loco
510 955 865 1007 commemoravi,
898 955 1094 998 breviter
1126 955 1435 1011 perstringam.
1499 955 1550 996 In
1582 954 1732 1010 primis
1767 970 1836 997 ca-

149 1025 340 1067 vendum
374 1029 454 1077 est,
488 1039 545 1067 ne
578 1039 678 1067 cum
711 1025 920 1068 Maltenio
949 1027 1006 1081 (p.
1032 1028 1087 1067 58
1100 1031 1212 1081 sqq.)
1240 1025 1556 1067 Callimachum
1589 1025 1838 1067 fabularum

145 1095 316 1151 patriae
339 1109 446 1138 suae
469 1095 757 1151 interpretem
780 1095 977 1137 omnium
999 1110 1137 1137 unum
1160 1095 1404 1150 genuinum
1427 1095 1563 1138 fuisse
1591 1096 1837 1147 credamus,

146 1165 221 1221 qui
254 1166 520 1208 concederet
553 1166 610 1220 (h.
635 1165 679 1207 in
711 1165 841 1208 Dian.
867 1181 907 1209 v.
934 1168 1018 1207 20²3
1035 1168 1148 1222 sqq.)
1184 1166 1392 1221 Cyrenen
1433 1164 1651 1220 virginem
1684 1179 1838 1208 cursus

144 1235 389 1291 praemium
411 1236 528 1278 inter
554 1236 663 1278 duas
697 1249 844 1287 caneS,
879 1250 988 1292 quas
1023 1236 1061 1279 ei
1083 1236 1229 1278 Diana
1261 1237 1484 1288 donasset,
1519 1236 1736 1278 currendo
1769 1239 1837 1278 tu-

143 1306 245 1348 lisse
276 1320 369 1348 non
400 1306 444 1347 in
467 1306 609 1362 Libya
640 1307 719 1349 sed
750 1306 796 1348 in
819 1305 1046 1349 Thessalia
1068 1306 1123 1348 ad
1154 1309 1324 1361 τύμβον
1348 1306 1568 1358 ’mamam
1602 1306 1646 1348 id
1673 1309 1753 1359 est,
1789 1310 1838 1349 ut

145 1376 392 1419 Meinekius
420 1377 494 1428 (ad
515 1377 560 1432 l.)
586 1380 627 1419 et
651 1377 879 1420 Vahlenus
903 1376 1119 1431 (Berliner
1143 1376 1445 1432 Sitzungsber.
1475 1379 1599 1429 1896,
1623 1379 1703 1419 821
1722 1380 1835 1434 sqq.)

142 1446 385 1489 rectissime
412 1447 673 1499 docuerunt,
708 1449 757 1490 ἐν
781 1449 942 1500 ἄθλοις
965 1449 1038 1490 ἐπὶ
1061 1448 1228 1505 Πελίᾳ;
1264 1447 1339 1503 qui
1362 1447 1493 1490 etiam
1517 1461 1568 1490 eo
1602 1447 1696 1503 ipso
1722 1448 1835 1500 loco,

143 1531 230 1572 quo
253 1517 489 1560 Maltenius
506 1517 673 1570 nititur,
699 1520 879 1560 caneret
897 1517 1146 1574 Apollinem
1163 1520 1381 1574 προτέρης
1403 1521 1661 1574 ἁρπακτύος
1680 1518 1832 1560 memi-

142 1587 273 1630 nisse.
339 1587 489 1640 Cuius,
536 1603 715 1644 quaeso,
748 1588 833 1630 nisi
864 1588 977 1630 illius
1011 1587 1308 1631 nobilissimae
1342 1589 1396 1631 de
1428 1587 1656 1631 Thessalia
1686 1588 1732 1630 in
1765 1589 1847 1630 Li·-

141 1658 305 1713 byam‘?
363 1658 460 1710 Quo
494 1673 598 1714 ergo
631 1658 725 1701 iure
757 1659 1005 1711 Maltenius,
1049 1658 1123 1715 qui
1155 1659 1236 1701 hos
1274 1659 1393 1701 locos
1427 1658 1595 1701 scilicet
1628 1661 1671 1701 et
1704 1658 1837 1702 affert

143 1731 185 1771 et
220 1728 452 1785 disceptat,
496 1729 578 1771 sibi
611 1729 736 1785 quasi
769 1744 846 1785 pro
881 1732 1000 1772 certo
1035 1729 1167 1771 sumit
1200 1728 1515 1772 Callimachum
1550 1729 1677 1772 nobis
1709 1728 1835 1771 fabu-

140 1799 228 1841 lam
261 1800 542 1854 cyrenaicam
575 1814 790 1851 servasse,
826 1799 901 1856 qui
938 1802 1129 1856 utroque
1160 1800 1271 1851 loco,
1305 1799 1380 1842 ubi
1403 1799 1612 1855 Cyrenen
1644 1813 1835 1842 comme-

142 1872 298 1921 morat,
333 1884 358 1911 a
391 1869 658 1911 carminibus
685 1870 726 1911 in
753 1869 940 1912 Graecia
963 1869 1299 1925 septentrionali
1324 1869 1576 1925 compositis
1599 1869 1835 1912 manifesto

141 1940 362 1995 pendeat?
396 1940 509 1982 Nam
536 1940 741 1996 equidem
763 1954 854 1982 non
878 1954 1103 1996 assequor,
1139 1955 1225 1996 quo
1252 1939 1412 1982 iudicio
1435 1939 1575 1982 fretus
1597 1939 1834 1982 Maltenius

141 2012 200 2066 (p.
226 2012 299 2065 54)
343 2010 571 2052 affirmarit
615 2025 706 2053 non
748 2013 852 2053 ante
886 2009 1142 2053 Callimachi
1184 2012 1377 2053 aetatem
1415 2009 1584 2052 narrari
1626 2013 1834 2066 coeptum

142 2094 238 2123 esse
272 2080 481 2136 Cyrenen
522 2080 567 2122 in
608 2080 722 2123 ludis
759 2080 1021 2123 funebribus
1061 2080 1308 2123 cucurrisse
1324 2080 1364 2132 ¹).
1428 2081 1567 2122 Immo
1605 2079 1719 2121 illius
1750 2080 1835 2122 loci

141 2150 363 2206 elegantia
395 2154 439 2193 et
471 2151 584 2194 sales
617 2151 796 2193 omnino
830 2154 1034 2207 pereunt,
1077 2151 1162 2193 nisi
1193 2150 1343 2193 fabula
1375 2151 1676 2202 adumbratur,
1720 2165 1834 2206 quae

140 2220 191 2263 iis
215 2221 288 2277 qui
310 2221 463 2276 legant
495 2224 602 2263 nota
635 2221 702 2263 sit.
739 2247 792 2251 -
826 2221 897 2263 An
916 2221 1137 2276 Cyrenaei
1163 2220 1337 2277 pristini
1364 2224 1600 2263 narrarunt
1627 2220 1833 2276 Cyrenen

139 2291 185 2333 in
217 2291 444 2334 Thessalia
484 2291 744 2344 adolevisse,
798 2292 994 2334 adultam
1041 2293 1095 2334 ab
1134 2291 1338 2348 Apolline
1378 2291 1424 2333 in
1464 2291 1651 2347 Libyam
1692 2294 1834 2333 trans-

139 2363 273 2404 latam
307 2376 416 2414 esse,
450 2362 509 2404 ibi
541 2376 701 2417 greges
733 2362 850 2417 regis
872 2361 1091 2418 Eurypyli
1123 2363 1336 2405 adversus
1368 2362 1520 2404 leones
1554 2361 1833 2404 defendisse?

143 2431 453 2475 Confidentius
490 2432 624 2488 igitur
655 2432 891 2475 Maltenius
925 2446 948 2475 e
980 2432 1131 2475 fabula
1163 2432 1448 2474 callimachea
1479 2432 1675 2474 fabulam
1708 2446 1831 2487 cyre-

141 2516 327 2545 nensem
348 2502 553 2545 restituit.
599 2503 711 2545 Nam
737 2503 857 2545 nullo
892 2502 976 2545 alio
1010 2503 1310 2545 sustentaculo
1345 2502 1597 2545 aedificium
1628 2501 1735 2544 illud
1766 2501 1832 2543 in-

142 2576 276 2625 certo,
325 2576 374 2615 ut
406 2572 595 2625 videtur,
634 2572 926 2616 fundamento
959 2572 1291 2615 inaedificatum
1323 2572 1514 2614 fulcitur.
1577 2572 1834 2615 Acesander

140 2643 271 2696 enim,
306 2644 494 2699 scriptor
527 2657 774 2699 cyrenaeus
806 2644 879 2685 III.
914 2644 985 2687 vel
1007 2644 1060 2685 Π.
1095 2658 1132 2685 a.
1158 2643 1260 2686 Chr.
1288 2659 1330 2685 n.
1356 2643 1533 2695 saeculi,
1577 2642 1648 2685 cui
1680 2641 1830 2684 nescio

141 2728 229 2770 qua
261 2715 315 2757 de
348 2729 481 2756 causa
506 2716 681 2756 tantum
704 2713 907 2756 tribuerit
939 2713 1188 2765 Maltenius,
1221 2713 1388 2769 pariter
1420 2714 1474 2755 ab
1496 2712 1691 2755 Hesiodo
1723 2726 1831 2767 pen-

139 2784 227 2836 det,
261 2784 425 2840 pariter
458 2784 574 2827 enim
608 2785 762 2839 (schol.
788 2785 842 2826 ad
864 2784 1006 2840 Apoll.
1031 2785 1195 2838 11498)
1230 2783 1439 2838 Cyrenen
1473 2797 1497 2826 e
1529 2782 1756 2825 Thessalia
1786 2782 1831 2823 in

258 2891 284 2935 ¹)
310 2891 470 2925 Nimium
494 2901 578 2925 vero
605 2894 819 2934 argumento
846 2901 864 2923 e
891 2890 1034 2924 silentio
1061 2892 1226 2932 prompto
1252 2889 1393 2932 tribuit,
1421 2899 1501 2923 cum
1527 2888 1688 2923 affirmat
1712 2897 1833 2922 recen-

137 2950 267 2984 tiorem
293 2950 447 2992 speciem
473 2960 559 2992 prae
595 2959 632 2983 se
658 2949 760 2992 ferre,
801 2948 894 2990 quod
921 2949 1082 2991 cyrenae
1109 2947 1308 2983 adversarii
1335 2958 1406 2982 non
1433 2948 1702 2982 commemorati
1727 2949 1831 2988 sunt3

139 3006 352 3041 Callimachi
377 3008 472 3042 enim
497 3007 586 3042 nihil
612 3009 789 3042 intererat
815 3018 833 3041 e
860 3008 1017 3041 carmine
1044 3010 1188 3041 vetusto
1214 3008 1360 3041 nomina
1386 3006 1582 3041 corradere.

1572 3065 1619 3099 7*
