2180 3482
393 241 448 280 66
1031 236 1085 271 De
1110 236 1240 280 hymno
1266 236 1446 280 Apollinis

392 348 601 393 τοῦσσαν,
626 341 816 384 eundem
838 341 1098 397 Apollonius
1123 342 1304 398 (Argon.
1322 343 1363 384 H
1382 344 1482 394 505)
1506 343 1781 398 Μυρτώσιον
1804 345 1938 396 αἶπος
1961 342 2083 384 dixit.

392 413 475 455 Hic
498 412 684 454 formam
712 411 1045 466 Cyrenaeorum
1067 412 1289 468 praetulit,
1323 412 1394 455 ille
1417 426 1580 455 nomen
1614 412 1734 455 collis
1766 412 1923 468 myrtis
1956 413 2086 455 obsiti

390 482 534 524 ionico
574 482 704 524 huius
741 482 896 536 hymni
931 482 1064 524 colori
1097 483 1279 538 aptavit.
1314 509 1368 513 —
1403 482 1457 526 92
1493 486 1602 536 σίνις
1634 482 1696 525 ita
1736 497 1836 525 cum
1874 483 2084 538 genetivo

391 552 552 595 obiecti
584 552 775 607 iugatur,
818 555 867 593 ut
906 552 1052 608 potius
1091 552 1234 595 furem
1274 568 1407 609 quam
1447 556 1717 596 vastatorem
1759 553 1996 608 significet,
2036 557 2084 596 ut

390 623 435 664 in
467 623 775 679 Epigonorum
807 621 1059 678 fragmento
1099 622 1171 665 illo
1206 625 1466 666 Αὐτόλυκον
1503 624 1685 666 πολέων
1723 627 1929 667 κτεάνων
1969 627 2085 666 σίνιν

389 696 544 750 ’Ἀργει
583 695 733 749 κοιλῷ.
806 693 1068 734 Iamdudum
1108 693 1225 736 enim
1264 696 1548 749 perspectum
1592 697 1671 745 est,
1717 694 1791 750 qui
1832 694 1877 735 in
1920 694 2084 736 scholio

390 765 445 806 ad
484 764 639 819 Oedip.
672 763 825 806 Colon.
864 779 905 806 v.
944 766 1030 805 378
1071 763 1302 819 Sophoclis
1343 763 1524 806 nomine
1565 763 1765 819 insigniti
1807 768 1909 806 sunt
1947 765 2084 807 hexa-

389 835 530 887 metri,
566 849 641 877 eos
673 834 888 890 Epigonis
921 834 1191 887 reddendos3
1227 834 1303 890 qui
1332 848 1387 877 ex
1417 834 1632 890 Epigonis
1659 834 1839 887 laudati,
1877 835 2085 891 Sophocli

389 905 650 949 tribuendos
666 906 707 960 ¹).
742 906 939 948 Leonem
967 909 1121 962 σίντην
1143 905 1229 947 iam
1253 905 1426 948 dixerat
1447 906 1670 948 Homerus
1692 906 1732 948 A
1749 908 1836 948 480
1860 905 1899 949 ,Υ
1917 908 2008 948 164.
2032 932 2083 936 ῃ

391 976 444 1020 93
480 976 608 1028 Quod
650 977 810 1019 chorus
841 978 969 1028 θεῖος
1008 975 1180 1028 dicitur,
1222 976 1496 1018 homericum
1538 978 1624 1028 est3
1666 976 1744 1018 sed
1782 977 1901 1032 quod
1933 977 1967 1019 θ
1999 978 2086 1018 264

389 1049 625 1103 πέπληγον
671 1048 719 1090 δὲ
761 1049 896 1103 χορὸν
942 1048 1073 1090 θεῖον
1113 1050 1246 1090 ποσίν
1285 1047 1339 1089 de
1377 1046 1560 1103 planitie
1601 1046 1855 1089 saltantium
1898 1046 2085 1103 pedibus

388 1132 600 1174 percussa
633 1117 799 1160 dictum
834 1121 940 1169 erat,
976 1117 1096 1174 ipsos
1128 1117 1201 1159 hic
1233 1118 1289 1159 ad
1321 1117 1535 1160 saltantes
1567 1117 1832 1160 translatum
1866 1120 1944 1160 est.

509 1188 651 1231 Huius
685 1188 821 1244 partis
855 1188 1223 1244 interpretatione
1256 1188 1461 1230 absoluta
1507 1202 1598 1231 non
1637 1188 1760 1244 prius
1801 1189 1855 1230 ad
1894 1202 2083 1244 sequen-

387 1263 478 1302 tem
511 1259 768 1316 pericopam
800 1259 1198 1315 transgrediemur,
1234 1274 1366 1316 quam
1390 1259 1543 1315 paucis
1575 1259 1877 1302 monuerimus
1911 1273 1966 1302 ex
1998 1260 2085 1302 hoc

388 1331 484 1373 loco
509 1330 673 1386 aliquid
697 1331 751 1372 ad
771 1330 1044 1372 Carneorum
1067 1329 1260 1373 indolem
1284 1331 1642 1385 cognoscendam
1664 1331 1925 1373 redundare.
1972 1330 2084 1373 Cum

389 1400 507 1443 enim
538 1400 794 1443 Demetrius
829 1400 1038 1456 Scepsius
1079 1405 1164 1456 (ap.
1188 1400 1350 1443 Athen.
1375 1401 1436 1443 IV
1464 1403 1539 1442 141
1559 1406 1597 1453 e)
1637 1403 1878 1443 testaretur
1911 1400 2085 1443 Carnea

388 1471 505 1527 apud
543 1471 919 1513 Lacedaemonios
972 1470 1097 1527 quasi
1143 1471 1366 1527 quandam
1411 1470 1611 1513 militaris
1657 1471 1802 1513 cultus
1849 1471 1928 1524 (ita
1967 1471 2084 1514 enim

390 1547 705 1598 στρατιωτικῆς
738 1544 914 1597 ἀγωγῆς
936 1541 1222 1598 interpretor)
1249 1541 1541 1584 imitationem
1576 1555 1686 1593 esse,
1719 1541 1765 1583 in
1786 1541 2084 1584 tabernaculis

391 1612 508 1655 enim
542 1627 696 1655 omnes
726 1612 967 1664 convivari,
1003 1612 1150 1654 omnia
1183 1611 1309 1667 signo
1344 1613 1445 1654 dato
1474 1611 1584 1664 fieri,
1617 1611 1800 1655 fuerunt
1820 1615 1971 1655 tamen
1995 1612 2082 1668 qui,

388 1685 437 1725 ut
471 1683 513 1726 S.
541 1683 674 1726 Wide
713 1683 1010 1736 (Lakonische
1042 1683 1177 1726 Kulte
1209 1686 1297 1737 81),
1342 1682 1621 1726 Demetrium
1659 1683 1765 1725 illud
1804 1682 1980 1738 signum
2013 1684 2080 1726 vel

388 1754 686 1809 praeconium,
727 1758 932 1811 κήρυγμα
971 1754 1082 1806 dico,
1123 1753 1234 1796 falso
1273 1753 1615 1810 interpretatum
1648 1767 1745 1796 esse
1777 1753 2081 1809 opinarentur,

388 1824 563 1880 signum
590 1825 889 1868 necessarium
917 1839 1027 1877 esse,
1063 1825 1431 1881 quotiescumque
1459 1839 1571 1881 opus
1605 1828 1723 1867 esset
1754 1823 2083 1867 multitudinem

388 1895 630 1951 dispersam
681 1900 851 1939 certum
903 1895 1068 1952 aliquid
1109 1895 1363 1938 universam
1405 1910 1495 1937 una
1541 1895 1702 1938 facere.
1773 1895 1831 1936 At
1869 1897 1917 1936 ut
1956 1894 2082 1937 omit—

385 1970 550 2018 tamus,
607 1967 726 2022 quod
773 1981 799 2008 a
842 1966 1061 2009 Nilssonio
1118 1966 1308 2017 (Griech.
1349 1966 1482 2008 Feste
1526 1968 1622 2017 123)
1666 1965 1952 2008 observatum
1995 1968 2080 2018 est,

388 2036 563 2079 Carnea
609 2037 664 2079 ab
700 2037 925 2092 Hesychio
969 2040 1180 2093 ἀγητόρια
1224 2036 1436 2092 appellari
1484 2036 1579 2090 (cfr.
1616 2050 1749 2092 supra
1790 2051 1831 2091 p.
1856 2038 1912 2078 32
1945 2036 2080 2090 adn),

387 2106 700 2159 Callimachus,
742 2121 841 2149 cum
874 2107 980 2149 illud
1012 2107 1176 2150 festum
1210 2106 1399 2161 Cyrenis
1439 2121 1465 2148 a
1502 2106 1790 2149 bellatoribus
1827 2105 2081 2148 institutum

386 2177 522 2229 dicat,
574 2191 717 2233 paene
765 2177 937 2220 disertis
988 2177 1136 2221 verbis
1186 2180 1376 2219 testatur
1426 2177 1707 2219 saltationem
1749 2176 1867 2218 illam
1911 2191 2081 2219 sacram

386 2248 581 2291 virorum
625 2252 895 2290 armatorum
934 2247 1083 2290 fuisse.
1147 2247 1296 2304 Atque
1336 2250 1689 2290 consentaneum
1731 2250 1797 2290 est
1834 2248 1919 2289 hoc
1957 2247 2080 2290 testi-

385 2319 582 2361 monium
604 2319 820 2361 Demetrii
848 2318 1103 2361 testimonio
1136 2317 1304 2370 fulcire,
1339 2332 1431 2360 non
1464 2318 1651 2360 alterum
1684 2318 1739 2360 ab
1772 2318 1910 2360 altero
1943 2317 2079 2361 divel-

382 2389 492 2441 lere,
543 2389 737 2445 indeque
789 2389 1055 2432 concludere
1105 2403 1197 2432 non
1249 2388 1381 2430 alium
1432 2388 1569 2431 tuisse
1623 2388 1897 2431 Carneorum
1947 2387 2080 2430 ritum

385 2459 573 2515 Spartae
606 2463 741 2515 atque
775 2459 976 2514 Cyrenis.
1041 2460 1198 2516 Neque
1232 2459 1349 2502 enim
1382 2458 1539 2501 mirum
1575 2462 1641 2501 est
1674 2459 1854 2502 colonos
1888 2457 2080 2502 civitatis

382 2544 528 2572 novae
560 2544 726 2573 novum
761 2535 902 2573 αἴτιον
936 2530 1227 2586 excogitasse,
1269 2532 1318 2571 ut
1350 2529 1579 2586 antiquom
1611 2543 1779 2572 morem
1812 2543 1890 2572 cur
1922 2543 2078 2585 seque-

382 2604 554 2652 rentur,
594 2600 863 2656 peculiarem
905 2601 987 2642 sibi
1029 2615 1208 2644 causam
1251 2600 1543 2643 vindicarent.
1617 2600 1804 2652 Quando
1846 2613 1953 2643 vero
1995 2601 2079 2642 hoc

383 2675 525 2713 αἴτιον
558 2671 861 2727 excogitatum
895 2671 963 2724 sit,
996 2671 1235 2721 incertum3
1269 2684 1417 2727 neque
1450 2670 1594 2722 video,
1635 2684 1712 2712 cur
1752 2684 1844 2712 non
1876 2669 1971 2726 ipse
2004 2670 2078 2712 de-

381 2755 501 2782 mum
526 2740 821 2784 Callimachus
848 2742 891 2784 id
914 2742 1083 2795 fecerit,
1116 2743 1233 2784 hanc
1255 2740 1557 2783 narrationem
1589 2739 1767 2783 fabulae
1800 2740 1854 2782 de
1888 2739 2077 2795 Cyrenis

383 2811 570 2853 conditis
603 2812 803 2855 sollemni
835 2812 1070 2856 inseruerit
1085 2812 1129 2868 2).

499 2918 524 2961 ¹)
553 2918 902 2962 Cfr.Wila1nowitz,
929 2918 1151 2953 homerisohe
1178 2917 1504 2960 Untersuchungen
1529 2927 1562 2960 p.
1581 2917 1650 2951 345
1677 2917 1757 2951 adn.
1778 2917 1833 2951 26.

498 2976 524 3019 2)
553 2976 834 3019 Opportunitate
861 2977 949 3011 data
974 2987 1099 3011 moneo
1131 2976 1214 3010 inde
1249 2977 1343 3019 quod
1376 2975 1567 3018 Euripides
1603 2975 1736 3009 dixerit
1771 2978 1909 3019 poetas,
1946 2975 2075 3010 aoedos

381 3032 533 3076 Spartae
567 3035 715 3069 Carneis
748 3035 911 3069 Alcestin
945 3038 1168 3079 cantaturos,
1202 3045 1272 3070 non
1304 3034 1412 3069 licere
1439 3034 1649 3068 concludere
1675 3033 1768 3068 hano
1799 3034 1980 3068 fuisse-in
2012 3033 2075 3067 illo
