2180 3482
363 237 413 278 18
997 232 1050 268 De
1075 232 1207 276 hymno
1233 232 1411 277 Apollinis

362 343 452 382 107.
483 342 563 382 108
587 343 630 396 ἷὴ
655 341 693 382 ἱὲ
714 341 871 391 παιάν,
906 355 945 395 p.
971 340 1009 382 V
1034 356 1072 383 v.
1098 342 1165 381 37.
1189 342 1246 381 43
1279 342 1322 395 ἰὴ
1357 341 1395 382 ἱὲ
1416 339 1537 382 Δάλι’
1558 340 1801 383 ’Ἄπολλον
1837 339 2045 382 Similiter

357 411 532 466 scripsit
564 409 821 452 Timotheus
861 410 912 452 fr.
938 413 992 451 25
1026 426 1066 453 v.
1089 412 1118 451 4
1151 414 1185 453 ὢ
1220 412 1258 453 ῖὲ
1290 412 1432 453 παιάν
1474 424 1699 452 sacrorum
1739 409 1927 452 formula
1968 425 2044 466 pa-

355 481 460 524 riter
491 495 609 526 usus,
671 480 819 537 Atque
864 480 950 522 iam
995 484 1171 523 constat
1209 481 1327 536 apud
1359 481 1625 536 Sophoclem
1657 480 1896 535 Oedipodis
1929 481 2045 536 regis

355 551 399 593 in
432 554 596 603 v.154,
635 554 745 593 1096
785 551 930 607 potius
971 554 1014 607 ἰὴ
1048 553 1085 594 ἱέ
1124 550 1455 593 interiectiones
1494 565 1627 606 quam
1667 550 1921 594 vocativum
1961 555 2045 607 ἰήιε

357 622 638 664 scribendum
680 635 788 664 esse.
855 622 983 673 Quod
1024 622 1095 664 vel
1136 621 1275 677 magis
1318 621 1601 677 perspicuum
1641 621 1723 664 erit
1753 621 1974 677 Apollonii
2005 621 2045 662 Π

357 695 439 734 712
468 707 562 749 sqq.
599 693 766 734 collatis
798 694 1113 748 θαρσύνεσκον
1146 694 1348 734 ἐπέεσσιν
1381 695 1423 747 ῖὴ
1450 694 1487 734 ἵὲ
1509 694 1785 748 κεκληγυῖαιε
1819 692 2046 747 nymphae

357 763 472 806 enim
505 778 596 805 non
619 763 867 818 Apollinem
902 762 1166 818 cognomine
1198 765 1456 817 nuncupato
1481 765 1658 814 vocant,
1693 763 1767 804 sed
1791 762 1850 803 illi
1877 761 2046 804 animos

356 835 536 876 addunt.
600 834 748 890 Atque
795 833 890 889 ipse
928 832 1187 889 Apollonius
1237 847 1369 875 versu
1416 832 1669 889 insequenti
1715 836 1903 875 testatur
1941 832 2046 874 illud

355 919 444 947 non
478 919 726 960 cognomen
761 905 838 947 sed
871 906 1090 960 ἐφύμνιον
1124 904 1278 953 esse¹).
1342 904 1613 946 Libertatem
1646 903 1691 945 in
1725 903 2045 959 quantitatibus

355 975 441 1018 iam
473 975 646 1019 notavit
669 975 924 1018 Heraclides
948 975 1158 1017 Ponticus
1183 975 1315 1030 (apud
1339 974 1499 1017 Athen.
1524 975 1610 1016 XV
1635 976 1713 1016 701
1729 973 1808 1027 ef),
1843 977 1886 1029 ἰὴ
1903 977 2046 1016 παισίν

358 1046 528 1088 duabus
558 1046 707 1102 primis
738 1046 916 1101 syllabis
946 1045 1171 1101 productis
1211 1049 1361 1102 ἡρῷον
1391 1059 1500 1096 esse,
1542 1044 1754 1100 correptis
1783 1048 1988 1100 ἰαμβεῖον
2001 1043 2045 1097 ²).

476 1116 521 1160 3]
575 1120 766 1170 εὔυμνος
813 1116 1129 1159 Callimachum
1170 1130 1225 1158 ex
1265 1115 1418 1171 hymni
1458 1115 1503 1157 in
1542 1115 1791 1172 Apollinem
1837 1114 2047 1157 homerici

356 1203 396 1231 v.
422 1190 471 1229 19
492 1209 543 1223 z
564 1189 647 1229 207
676 1187 915 1243 sumpsisse
938 1193 1035 1239 πῶς
1057 1186 1092 1229 τ’
1116 1186 1185 1243 ἄρ’
1210 1185 1248 1229 σ’
1263 1190 1446 1242 ὑμνήσω
1472 1190 1653 1238 πιὶντως
1676 1190 1871 1240 εὔυμνον
1894 1187 2045 1237 ἐόντας

354 1258 441 1300 iam
473 1258 735 1301 monuimus.
801 1258 969 1300 Pariter
1000 1257 1116 1299 illam
1149 1271 1305 1300 vocem
1339 1258 1393 1299 ad
1426 1258 1531 1299 deos
1564 1256 1733 1299 rettulit
1764 1256 1807 1297 in
1841 1256 2046 1298 Brancho

357 1328 423 1374 (fr.
449 1331 520 1381 36)
556 1330 764 1383 δαίμονες
797 1331 1102 1382 εύυμνότατοι,
1139 1329 1271 1384 Φοῖβε
1302 1344 1347 1370 τε
1379 1331 1453 1370 καὶ
1486 1330 1574 1370 Ζεῦ
1596 1327 1802 1381 Διδύμων
1834 1329 2044 1383 γενάρχα,

356 1399 430 1441 ubi
464 1399 608 1455 priore
630 1402 779 1441 tamen
806 1399 901 1441 loco
925 1399 1131 1441 Phoebus
1162 1398 1408 1441 invocatur.
1443 1398 1543 1440 Non
1575 1398 1783 1440 dissimile
1816 1400 1895 1449 est,
1930 1397 2046 1453 quod

355 1471 396 1512 h.
421 1471 481 1512 IV
505 1486 544 1513 v.
571 1473 595 1511 5
634 1470 749 1512 idem
790 1469 1055 1512 adiectivum
1091 1484 1190 1511 cum
1223 1469 1427 1511 omnibus
1458 1468 1610 1511 insulis
1643 1473 1737 1511 tum
1771 1468 2047 1524 potissimum

355 1541 525 1584 insulae
571 1540 786 1596 Apollinis
835 1554 985 1583 sacrae
1032 1540 1143 1583 Delo
1191 1539 1361 1582 tribuit:
1409 1539 1493 1581 fuit
1545 1539 1712 1582 scilicet
1763 1539 1869 1581 illud
1921 1537 2044 1594 quasi

357 1612 569 1654 sollemne
602 1612 823 1667 quoddam
855 1610 1070 1666 Apollinis
1105 1610 1361 1666 epithetum.

474 1682 618 1724 Primo
644 1696 778 1725 aurea
801 1695 896 1724 esse
919 1681 1134 1738 Apollinis
1158 1684 1202 1724 et
1224 1681 1360 1724 vestis
1394 1683 1437 1723 et
1468 1680 1606 1722 fibula
1639 1684 1683 1723 et
1714 1681 1810 1736 lyra
1842 1683 1886 1723 et
1919 1694 2046 1722 arcus

357 1757 400 1796 et
438 1754 645 1810 pharetra
685 1756 727 1796 et
767 1753 1069 1795 calceamenta
1107 1752 1438 1808 praedicantur:
1479 1752 1600 1793 illum
1640 1751 1756 1794 enim
1790 1765 1894 1793 auro
1927 1751 2047 1793 locu-

356 1825 519 1880 pletem
559 1838 656 1866 esse
695 1827 737 1867 et
781 1838 869 1866 non
911 1824 1050 1865 solum
1089 1823 1160 1864 illo
1194 1837 1298 1865 auro
1331 1823 1599 1878 locupletem
1633 1822 1751 1878 quod
1782 1822 1877 1877 ipse
1909 1824 2047 1876 gerat,

357 1896 434 1938 sed
472 1895 700 1950 ingentem
739 1893 1053 1950 suppellectilis
1092 1893 1181 1937 vim
1219 1893 1437 1936 thesauris
1470 1893 1744 1935 reconditam
1775 1892 1952 1934 habere.
1993 1917 2047 1922 —

358 1966 523 2008 Locum
545 1965 816 2008 homericum
840 1966 889 2007 N
902 1967 950 2006 21
979 1979 1074 2021 sqq.
1101 1964 1193 2017 (cfr.
1220 1964 1351 2006 etiam
1377 1965 1410 2007 Θ
1431 1966 1487 2005 42
1512 1966 1626 2020 sqq.)
1652 1963 1919 2006 Callimacho
1945 1965 2049 2004 ante

356 2040 552 2080 mentem
600 2037 883 2079 obversatum
929 2049 1025 2078 esse
1073 2034 1221 2077 docuit
1262 2035 1488 2077 Vahlenus
1540 2040 1596 2090 (p.
1622 2037 1739 2086 807),
1788 2033 1863 2075 ubi
1902 2032 2050 2074 omnia

359 2121 472 2163 quae
505 2107 560 2149 ad
593 2107 850 2162 Neptunum
885 2106 1041 2162 quovis
1073 2107 1202 2148 modo
1236 2105 1475 2162 pertinent,
1510 2119 1643 2147 aurea
1675 2105 1881 2146 dicuntur
1913 2104 2050 2156 (ἔνθα

356 2194 402 2221 τε
435 2182 476 2221 οἱ
509 2180 646 2220 κλυτὰ
679 2179 862 2231 δώματα
890 2178 1073 2233 βένθεσι
1101 2178 1274 2233 λίμνης,
1308 2180 1473 2232 χρύσεα
1504 2178 1815 2231 μαρμαίροντα
1848 2178 2047 2229 τετεύχα-

359 2265 430 2292 ται
455 2283 462 2290 .
495 2263 517 2291 .·
542 2250 643 2291 ἕνθ’
667 2250 819 2291 ἐλθὼν
847 2250 923 2290 ὑπ’
950 2250 1105 2303 ὄχεσφι
1139 2251 1365 2290 τιτύσκετο
1395 2247 1640 2301 χαλκόποδ’
1665 2250 1789 2288 ἵππω
1827 2247 2048 2295 ὠκυπέτα,

357 2322 599 2376 χρυσέῃσιν
639 2320 869 2376 ἐθείρῃσιν
907 2321 1149 2372 κομόωντε,
1195 2320 1359 2374 χρυσὸν
1399 2316 1435 2359 δ’
1469 2319 1600 2370 αὐτὸς
1633 2318 1762 2359 ἔδυνε
1794 2319 1898 2372 περὶ
1935 2319 2046 2372 χροΐ

363 2393 493 2446 γέντο
513 2390 549 2432 d*
568 2392 798 2446 ἱμάσθλην
816 2393 1026 2446 χρυσείην
1045 2391 1265 2431 ἐύτυκτον.
1290 2389 1341 2429 In
1359 2387 1609 2443 Apollinem
1628 2387 1839 2429 Creusam
1863 2386 1930 2428 his
1953 2400 2049 2429 ver-

358 2461 424 2502 bis
463 2461 687 2504 invectam
727 2474 824 2503 esse
863 2460 968 2502 tecit
1009 2459 1242 2515 Euripides
1280 2459 1373 2502 Ion.
1408 2474 1446 2501 v.
1481 2461 1564 2500 887
1613 2460 1752 2514 ἦλθές
1788 2474 1864 2511 μοι
1901 2463 2048 2513 χρυσῷ

359 2536 520 2587 χαίταν
552 2535 833 2588 μαρμαίρων.
900 2531 1066 2573 Vocem
1099 2534 1249 2572 tamen
1276 2531 1555 2586 πολύχρυσος
1589 2543 1612 2571 e
1645 2527 1821 2570 Pindari
1855 2526 2049 2570 carmine

358 2617 577 2658 cyrenaeo
618 2603 745 2658 Pyth.
776 2603 836 2644 IV
871 2605 925 2644 53
977 2601 1175 2657 sumpsit,
1228 2601 1345 2656 quod
1386 2600 1430 2641 in
1471 2601 1555 2642 hoc
1595 2601 1762 2655 hymno
1805 2597 2045 2641 identidem

360 2673 556 2729 respicit3
590 2673 729 2717 voluit
762 2672 894 2716 etiam
926 2672 969 2714 id
1003 2687 1077 2715 eos
1110 2672 1185 2728 qui
1216 2672 1429 2726 legerent,
1472 2685 1563 2713 non
1597 2670 1771 2725 fugere3
1814 2668 1901 2711 illic
1933 2668 2050 2710 enim

479 2804 503 2847 ¹)
530 2803 635 2837 Hunc
665 2803 782 2837 locum
814 2802 977 2846 pluribus
1004 2803 1272 2845 disceptaturus
1299 2811 1376 2835 sum
1403 2801 1447 2834 ad
1473 2800 1580 2834 huius
1607 2799 1776 2834 carminis
1801 2809 1832 2832 v.
1854 2798 1898 2831 97
1910 2796 1956 2840 ff,
1990 2797 2051 2831 ubi

359 2864 497 2906 pariter
523 2862 564 2896 de
590 2862 771 2904 qualitate
797 2861 932 2895 vocalis
957 2873 976 2895 e
1002 2865 1038 2894 et
1064 2862 1195 2904 spiritu
1220 2859 1356 2894 vocalis
1384 2862 1399 2893 ι’
1424 2859 1626 2902 disputabo.

476 2921 503 2965 9)
533 2921 710 2962 Pleraque
737 2920 899 2963 exempla
919 2919 1142 2963 collegerant
1161 2919 1307 2953 Crusius
1325 2918 1369 2952 ad
1388 2918 1572 2951 Aristonoi
1599 2926 1752 2958 carmen,
1780 2916 1841 2957 qui
1866 2919 1989 2948 tamen
2008 2914 2050 2947 de

361 2980 583 3022 correptione
618 2981 736 3013 minus
771 2982 867 3012 reete
903 2978 1050 3021 iudicat,
1090 2978 1395 3012 Wilamowitzius
1430 2976 1475 3010 ad
1500 2975 1658 3018 Asclepii
1693 2975 1842 3018 paeanis
1869 2973 2052 3016 exemplar

361 3037 600 3080 erythraeum.
