2180 3482
687 241 739 275 De
765 241 995 275 invocatione
1022 240 1250 286 Ἀρχηγέτης
1757 244 1807 283 31

124 347 436 391 Chalcidenses
460 346 634 389 Siciliae
657 346 802 388 coloni
824 346 1074 401 Apollinem
1095 345 1370 401 migrationis
1398 350 1644 403 ἀρχηγέτην
1671 360 1813 403 usque

124 419 177 461 ab
211 417 516 473 antiquissima
550 419 696 459 aetate
734 417 1083 460 venerabantur:
1130 417 1400 471 Thucydidis
1440 418 1554 460 enim
1594 418 1673 470 (VI
1705 421 1744 459 3.
1774 420 1812 471 1)

123 488 397 544 temporibus
431 487 543 530 Naxi
576 487 621 528 in
655 487 839 539 colonia,
880 501 992 542 quae
1026 487 1220 529 omnium
1254 502 1342 529 una
1379 487 1684 543 antiquissima
1720 489 1813 533 sive

126 558 206 601 fuit
243 559 336 601 sive
370 571 466 600 esse
505 558 780 609 credebatur,
822 561 948 600 extra
985 557 1160 600 moenia
1198 572 1273 599 ara
1311 557 1423 599 illius
1462 559 1531 600 dei
1571 560 1729 612 stabat,
1769 560 1813 602 in

123 644 211 685 qua
236 628 390 680 theori,
421 627 787 684 quotiescumque
817 642 840 670 e
864 627 1010 669 Sicilia
1043 628 1279 680 solverent,
1303 628 1618 672 sacrificarent.
1666 630 1814 686 Atque

123 700 253 743 etiam
296 702 390 741 tum
430 713 546 741 anno
585 701 640 740 36
680 713 716 740 a.
749 698 850 740 Chr.
882 714 922 740 n.
964 698 1077 740 illius
1117 698 1187 741 dei
1226 698 1507 741 simulacrum
1547 701 1713 752 stabat3
1759 702 1814 742 ad

123 771 226 812 illud
272 769 389 813 enim
435 769 600 812 Caesar
648 769 822 812 Siciliae
869 769 1092 825 appulisse
1135 772 1340 811 narratur
1378 770 1432 812 ab
1471 770 1674 826 Appiano
1714 771 1812 813 bell.

123 841 205 884 civ.
232 841 269 883 V
298 843 392 892 109,
424 842 511 882 454
544 855 607 896 sq.

238 912 378 953 Dores
397 911 561 967 pariter
576 910 942 966 Peloponnesiaci
959 910 1080 952 illum
1097 911 1227 952 deum
1247 911 1571 966 religiosissime
1589 913 1812 966 colebant3

122 997 229 1025 num
262 996 317 1025 ex
340 981 639 1024 Halicarnassi
678 981 962 1036 religionibus
987 982 1214 1024 Troezene
1252 981 1372 1023 illum
1401 983 1685 1026 observatum
1719 997 1815 1027 esse

124 1053 388 1096 concludere
420 1052 563 1104 liceat,
602 1051 708 1093 mihi
739 1065 846 1094 sane
879 1051 1060 1093 dubium
1094 1055 1177 1094 est:
1217 1054 1487 1109 Ἀρχηγέτης
1519 1054 1635 1097 enim
1657 1055 1814 1111 Apollo

123 1122 434 1174 Halicarnassi‚
459 1123 577 1178 quod
601 1121 816 1164 coloniam
841 1123 1068 1165 Troezene
1090 1123 1349 1175 deduxerat,
1372 1123 1534 1167 idcirco
1558 1126 1813 1169 vocabatur.

121 1194 172 1235 In
197 1193 296 1236 vico
319 1192 557 1248 Epidaurio
593 1192 667 1248 qui
698 1207 818 1234 nunc
851 1203 1036 1236 vocatur
1067 1192 1260 1248 Ligurio,
1294 1194 1477 1238 ineunte
1499 1196 1560 1237 III
1583 1211 1620 1238 a.
1646 1196 1747 1240 Chr.
1771 1213 1813 1239 n.

122 1265 298 1307 saeculo
340 1265 504 1320 Θιαρῆς
541 1263 797 1306 Ἀπόλλωνι
829 1263 1094 1320 Ἀρχηγέται
1132 1264 1354 1309 dedicavit
1393 1266 1479 1320 (IG
1506 1267 1566 1309 IV
1585 1270 1700 1323 906).
1765 1269 1815 1310 In

121 1336 292 1378 Troade
331 1335 376 1377 in
413 1334 630 1391 Apollinis
669 1334 887 1378 Sminthei
918 1335 1084 1390 templo
1116 1336 1268 1378 tabula
1308 1337 1347 1378 ΙΙ
1370 1351 1407 1379 a.
1437 1337 1538 1380 Chr.
1563 1353 1605 1380 n.
1640 1340 1814 1382 saeculo

121 1406 357 1462 pendebat,
406 1405 451 1447 in
502 1420 590 1461 qua
629 1406 821 1448 honores
863 1406 1022 1462 quibus
1065 1407 1229 1450 multae
1271 1407 1474 1451 civitates
1517 1409 1814 1451 Cassandrum

121 1476 370 1519 Menesthei
391 1476 419 1518 f.
443 1476 740 1519 Alexandriae
768 1476 951 1519 Troadis
981 1477 1123 1521 civem
1151 1477 1409 1530 affecerant,
1446 1481 1813 1533 recensebantur3

125 1561 148 1590 e
181 1547 342 1603 quibus
381 1551 408 1603 ἡ
447 1549 577 1600 πόλις
616 1551 642 1603 ἡ
676 1549 932 1604 Μεγαρέων
971 1562 1071 1590 eum
1110 1550 1283 1605 δάφνης
1323 1553 1530 1606 στεφάνῳ
1570 1551 1839 1614 donaverat-

124 1621 247 1675 παρὰ
281 1625 357 1660 τοῦ
390 1617 681 1671 ’Λπόλλωνος
712 1625 789 1661 τοῦ
813 1624 889 1674 τῆς
920 1621 1097 1673 πόλεως
1131 1622 1373 1676 ἀρχηγέτου
1398 1620 1545 1675 (Syll.²
1566 1623 1650 1663 295
1674 1622 1734 1664 VI
1757 1625 1813 1677 3).

122 1689 249 1730 Illum
278 1689 408 1730 deum
440 1689 524 1730 hoc
556 1688 735 1731 nomine
768 1703 793 1730 a
814 1689 1150 1744 Megarensibus
1183 1690 1349 1732 cultum
1384 1704 1492 1743 esse,
1528 1691 1660 1734 etiam
1683 1692 1814 1734 simu-

120 1759 288 1801 lacrum
328 1758 598 1815 Ἀρχηγέτου
638 1774 776 1815 prope
815 1762 997 1803 Πυθίου
1038 1763 1081 1803 et
1113 1761 1427 1818 Δεκατηφόρου
1467 1762 1641 1805 stetisse
1679 1765 1814 1805 testa-

121 1832 193 1871 tur
239 1829 481 1871 Pausanias
525 1830 544 1871 Ι
584 1832 654 1881 42,
688 1833 731 1882 ὃς
782 1834 915 1886 atque
965 1835 1315 1874 consentaneum
1370 1836 1436 1875 est
1489 1834 1679 1876 eundem
1732 1835 1816 1877 hoc

120 1900 299 1942 nomine
339 1915 364 1942 a
396 1900 567 1943 civibus
600 1900 855 1944 invocatum
890 1915 999 1953 esse,
1041 1916 1227 1957 quorum
1259 1902 1435 1945 moenia
1472 1903 1567 1959 ipse
1599 1903 1814 1947 Alcathoo

123 1971 299 2026 Pelopis
330 1970 420 2013 filio
453 1971 730 2026 gratificatus
766 1971 1058 2024 aedificasset,
1083 1976 1131 2014 ut
1154 1976 1337 2015 narrant
1360 1974 1584 2029 Theognis
1607 1976 1666 2030 (v.
1697 1978 1814 2030 773),

122 2041 398 2095 Megarensis
435 2041 506 2085 ille
539 2041 730 2098 quidem,
770 2042 1012 2085 Pausanias
1047 2044 1081 2097 (Ι
1107 2045 1367 2100 42‚2sqq.)‚
1407 2045 1531 2086 multi
1570 2045 1652 2087 alii.
1700 2046 1815 2088 Num

124 2125 230 2154 vero
269 2111 375 2167 ipsis
409 2112 596 2167 Cyrenis
631 2113 788 2168 Apollo
821 2113 866 2155 in
898 2128 945 2157 re
978 2128 1104 2156 sacra
1135 2114 1341 2157 facienda
1372 2115 1433 2157 ita
1465 2117 1712 2171 appellatus
1746 2116 1814 2168 sit,

122 2181 227 2223 mihi
260 2182 442 2224 dubium
475 2186 559 2226 est:
595 2184 713 2239 quod
747 2183 865 2227 enim
897 2185 1114 2227 Pindarus
1146 2185 1191 2226 in
1225 2185 1419 2228 carmine
1452 2186 1506 2228 de
1539 2186 1815 2242 Cyrenarum

122 2252 379 2307 originibus,
399 2254 515 2309 quod
527 2254 843 2297 Callimachum
862 2255 946 2297 hoc
960 2256 1056 2298 loco
1074 2256 1323 2311 respexisse
1341 2271 1445 2298 mox
1464 2257 1536 2311 (ad
1545 2272 1616 2300 vv.
1634 2260 1689 2299 69
1701 2261 1814 2314 sqq.)

124 2323 537 2377 demonstrabimus,
590 2325 718 2380 Pyth.
753 2326 791 2368 V
824 2329 892 2378 60,
942 2326 1102 2369 cecinit
1134 2326 1384 2382 Apollinem
1418 2330 1665 2385 ἀρχηγέτην
1696 2328 1813 2371 feras

122 2392 301 2448 fugasse
335 2395 466 2436 Batto
500 2396 720 2438 minantes
755 2396 954 2451 Cyrenas
995 2397 1226 2439 condituro
1261 2401 1302 2448 (ὁ
1334 2397 1370 2440 ‹5’
1406 2400 1651 2454 ἀρχαγέτας
1683 2399 1812 2442 ἔδωκ’

122 2463 364 2507 Ἀπόλλων
401 2467 549 2522 θῆρας
581 2469 693 2522 αἰνῷ
729 2470 869 2523 φόβῳ,
907 2471 1024 2524 ὄφρα
1056 2471 1118 2524 μη
1144 2471 1280 2525 ταμίᾳ
1306 2469 1525 2525 Κυράνας
1558 2471 1715 2526 ἀτελὴς
1747 2473 1814 2526 γέ-

120 2551 242 2577 νοιτο
260 2537 618 2592 μαντευμάτων),
642 2536 745 2579 inde
764 2538 1029 2580 concludere
1045 2552 1230 2580 necesse
1249 2542 1313 2581 est
1326 2539 1575 2594 Apollinem
1595 2540 1813 2583 coloniam

122 2605 372 2658 deduxisse,
405 2621 495 2648 non
529 2621 639 2663 opus
667 2611 734 2650 est
761 2609 1025 2651 concludere
1047 2609 1164 2650 illam
1196 2608 1331 2652 fuisse
1355 2609 1543 2664 Cyrenis
1577 2612 1812 2668 ἐπίκλησιν

121 2674 191 2718 dei
224 2677 493 2728 sollemnem,
528 2677 671 2733 potuit
705 2678 822 2721 enim
855 2679 1019 2735 pariter
1051 2679 1144 2722 sive
1167 2683 1343 2734 κτίστας
1367 2680 1461 2723 sive
1494 2684 1688 2735 οἰκιστάς
1720 2681 1814 2725 sive

123 2749 294 2799 οἰκέτας
326 2746 420 2790 sive
457 2751 637 2805 ἁγήτωρ
678 2749 900 2805 appellari.
966 2750 1084 2792 Sane
1121 2750 1336 2805 Apollinis
1369 2750 1638 2807 Ἀρχηγέτου
1668 2751 1811 2807 religi-

123 2830 251 2859 onem
286 2817 452 2859 nullam
482 2818 689 2862 novimus
720 2833 867 2876 neque
901 2820 1166 2876 Spartanam
1198 2835 1346 2877 neque
1377 2822 1634 2864 Theraeam.

238 2888 289 2929 In
334 2889 443 2931 urbe
489 2904 594 2932 vero
635 2890 785 2933 dorica
823 2891 1119 2946 Peloponnesi
1157 2892 1356 2947 Aeginae
1395 2893 1700 2947 Pythaenetus
1747 2893 1811 2935 hi-

124 2957 355 3000 storiarum
382 2959 583 3015 scriptor,
618 2960 693 3016 qui
725 2964 829 3003 ante
851 2961 1132 3003 Athenaeum
1164 2961 1261 3014 fuit,
1295 2965 1446 3004 narrat
1472 2963 1609 3018 (apud
1636 2963 1812 3006 Pindari

125 3027 246 3069 schol
285 3029 339 3070 ad
372 3029 495 3071 Nem.
526 3031 563 3072 V
588 3034 637 3072 81
669 3052 721 3066 :z
747 3032 805 3073 lV
835 3047 875 3087 p.
899 3034 984 3073 487
998 3032 1073 3086 M.)
1106 3046 1258 3075 mense
1284 3032 1521 3088 Delphinio
1554 3033 1811 3077 Ἀπόλλωνι
