2180 3482
826 225 877 259 De
903 236 959 260 vv.
979 226 1116 260 80—81
1760 226 1814 265 59

128 333 308 377 collatis.
332 360 381 363 -
402 333 457 377 80
476 344 544 387 sq.
571 331 867 374 Callimachus
891 346 988 373 cum
1013 331 1172 373 florum
1192 330 1376 386 copiam,
1402 345 1511 386 quos
1530 344 1635 373 vere
1655 328 1815 372 Carnei

127 404 280 447 altaria
302 406 493 460 portent,
518 417 618 445 cum
640 402 822 444 floribus
846 404 1073 457 comparat
1097 416 1207 457 quos
1227 402 1374 443 Horae
1397 400 1643 451 effundant,
1668 399 1815 441 simul-

126 478 260 530 atque
292 474 523 529 Zephyrus
556 486 700 515 rorem
732 472 844 514 flatu
878 472 1173 526 congregarit,
1215 471 1478 526 Cypriorum
1518 472 1663 513 locum
1695 469 1815 511 illum

126 544 445 587 nobilissimum
478 542 699 598 respicere
732 542 919 593 videtur,
961 556 1092 597 quem
1126 542 1257 584 etiam
1291 556 1411 583 nunc
1444 542 1561 596 apud
1592 541 1815 583 Athenae-

127 630 201 657 um
235 615 337 670 (XV
362 616 444 655 682-
459 618 498 665 c)
532 613 732 667 legimus,
768 612 842 654 ubi
869 612 1047 655 Gratiae
1081 615 1124 655 et
1152 613 1297 654 Horae
1320 612 1541 654 Venerem
1575 610 1816 654 vestientes

126 684 436 727 describuntur
479 688 638 738 εἵματα
669 686 753 737 μὲν
794 687 895 739 χροῒ
930 686 1041 735 ἕστο,
1089 685 1142 725 τὰ
1181 686 1220 725 οὶ
1260 684 1448 739 Χάριτές
1485 698 1530 724 τε
1569 685 1644 724 καὶ
1682 681 1816 738 Ὠραι

127 759 320 811 ποίησαν
361 758 435 797 καὶ
477 756 658 810 ἔβαψαν
700 756 749 797 ἐν
789 755 978 796 ἄνθεσιν
1018 756 1293 809 εἰαρινοῖσιν,
1343 755 1417 795 οἷα
1451 754 1635 808 φοροῦσ’
1668 751 1814 807 Ὧραι.

127 825 273 881 Atque
313 824 517 881 equidem
557 824 756 879 suspicor
789 823 1107 865 Callimachum
1145 838 1236 865 non
1277 825 1349 865 οἷα
1389 823 1466 865 sed
1499 826 1604 865 ὅσσα
1636 821 1814 876 legisse:

126 896 231 938 illud
275 898 348 938 οἷα
394 895 511 938 enim
555 895 676 937 omni
715 895 917 937 acumine
957 897 1000 937 et
1039 908 1183 950 paene
1222 907 1355 936 sensu
1389 897 1527 944 caret,
1578 895 1684 935 ὅσσα
1717 906 1816 934 cum

128 966 418 1022 sequentibus
460 965 625 1021 optime
667 966 894 1017 cohaeret;
946 964 1133 1020 plurima
1171 964 1286 1006 enim
1324 963 1483 1005 florum
1522 977 1689 1018 genera
1732 962 1818 1004 iam

126 1040 434 1089 recensentur;
484 1040 589 1079 ὅσσα
624 1038 804 1092 φέρονό
837 1038 949 1092 ὧραι
980 1034 1067 1076 iam
1099 1034 1337 1090 temptavit
1368 1034 1558 1084 Hecker‚
1605 1032 1818 1076 verisimi-

126 1107 226 1150 liter
258 1110 307 1149 ut
340 1121 486 1162 saepe,
520 1106 605 1148 nisi
638 1105 820 1163 φοροῦσ’
853 1120 930 1148 cur
964 1104 1219 1157 sollicitarit,
1253 1119 1345 1147 non
1376 1103 1585 1159 intellego
1602 1103 1642 1156 ¹).
1689 1103 1818 1146 Calli-

127 1178 311 1220 machus
344 1191 449 1220 vero
464 1177 492 1229 ²)
529 1183 745 1234 φοροῦσιν
784 1177 839 1219 ad
878 1191 976 1218 aras
1013 1175 1237 1218 transtulit
1278 1174 1607 1230 significatione
1640 1174 1818 1217 omnino

127 1251 311 1301 mutata,
360 1251 531 1304 ἀγινεῖν
576 1248 630 1290 de
662 1247 793 1289 Horis
838 1247 883 1288 in
927 1246 1040 1288 illius
1086 1246 1207 1289 vocis
1246 1246 1392 1288 locum
1434 1245 1722 1288 substitutum
1760 1245 1822 1287 ita

128 1319 289 1376 posuit,
322 1322 371 1361 ut
405 1318 581 1374 saepius
612 1318 658 1360 in
692 1318 894 1373 Odyssia,
930 1317 1187 1374 saepissime
1219 1317 1265 1358 in
1296 1318 1462 1371 hymno
1495 1315 1711 1372 Apollinis
1742 1317 1819 1358 ho-

128 1390 289 1433 merico
317 1392 578 1445 usurpatum
612 1392 691 1441 est,
724 1392 771 1431 ut
806 1404 897 1431 non
923 1391 1099 1430 tantum
1132 1402 1265 1443 agere
1298 1387 1569 1443 significaret
1605 1389 1821 1443 quantum

129 1461 244 1503 dono
289 1460 477 1511 mittere,
527 1460 831 1516 suppeditare,
881 1459 943 1503 ita
986 1462 1186 1515 pastores
1231 1458 1440 1501 dicuntur
1472 1458 1623 1500 Procis
1663 1459 1820 1514 μῆλον,

129 1535 258 1587 αἶγας
286 1534 457 1587 ἀγινεῖν
482 1531 521 1584 (ξ
554 1533 651 1583 1043
683 1548 710 1586 χ
738 1533 836 1583 198;
871 1545 962 1573 11011
996 1529 1263 1572 dissimiliter
1296 1547 1320 1572 v
1344 1531 1460 1583 213),
1496 1543 1650 1571 omnes
1681 1528 1819 1571 homi-

127 1616 208 1645 nes
241 1602 434 1658 Apollini
467 1604 717 1658 ἑκατόμβας
751 1602 806 1652 (h.
832 1601 877 1643 in
903 1601 1044 1657 Apoll.
1071 1603 1138 1642 57.
1163 1602 1260 1642 249.
1286 1602 1383 1642 260.
1409 1602 1524 1653 366).
1558 1600 1706 1642 Horae
1738 1598 1850 1640 fin--

130 1676 298 1728 guntur
320 1672 488 1716 scilicet
513 1672 704 1728 Apollini
726 1672 859 1715 flores
882 1675 1073 1728 portare,
1109 1685 1219 1727 quos
1242 1685 1333 1713 non
1364 1670 1487 1726 ipsae
1520 1684 1674 1714 verum
1706 1673 1825 1712 terra

130 1743 274 1786 subito
309 1743 529 1796 effuderit,
565 1743 830 1799 simulatque
858 1743 1090 1798 Zephyrus
1122 1756 1266 1785 rorem
1299 1741 1470 1797 spirans
1503 1740 1619 1784 veris
1650 1739 1824 1782 initium

129 1813 296 1857 fecerit.
331 1814 442 1856 Illud
460 1813 594 1869 igitur
612 1813 806 1869 Zephyri
828 1813 1054 1856 mentione
1077 1812 1251 1856 adiecta
1269 1812 1564 1855 Callimachus
1588 1811 1752 1863 effecit,
1775 1813 1825 1852 ut

132 1884 207 1941 qui
238 1885 441 1940 legerent.
472 1884 701 1939 ingentem
725 1884 886 1926 florum
910 1883 999 1927 vim
1022 1884 1227 1940 Zephyro
1262 1883 1458 1939 spirante
1491 1896 1580 1924 uno
1612 1881 1825 1937 temporis

130 1959 297 2012 puncto
314 1970 338 1998 e
351 1958 469 1998 terra
487 1958 791 2010 emergentem
809 1955 891 1997 sibi
906 1957 1307 2011 repraesentarent.
1327 1953 1521 2009 Zephyri
1539 1952 1655 1996 enim
1674 1952 1758 2004 vel,
1777 1954 1826 1993 ut

129 2026 266 2069 latine
298 2027 544 2083 loquamur,
577 2025 749 2069 Favoni
773 2040 879 2068 aura
907 2025 1157 2080 genitabilis
1191 2024 1540 2076 existimabatur,
1575 2023 1650 2079 qui
1678 2023 1825 2065 simul-

131 2101 265 2155 atque
283 2097 473 2153 primum
491 2097 715 2153 spirasset,
734 2097 837 2139 inde
856 2110 934 2140 ver
952 2096 1126 2138 initium
1142 2109 1314 2152 capere.
1350 2094 1541 2138 Omnino
1560 2094 1633 2136 illa
1649 2093 1826 2136 Lucreti

130 2168 402 2212 nobilissima
420 2167 691 2210 conferenda
708 2170 811 2209 sunt
831 2168 922 2221 (19)
941 2183 1041 2210 nam
1057 2170 1183 2210 simul
1200 2182 1249 2209 ac
1264 2169 1416 2222 species
1426 2168 1684 2222 patefactast
1700 2180 1827 2208 verna

131 2242 214 2284 diei
255 2248 292 2282 et
330 2245 515 2282 reserata
553 2242 661 2294 viyet
695 2241 934 2294 yenitabilis
972 2254 1081 2281 aura
1114 2240 1294 2289 Favoni,
1333 2237 1405 2279 illa
1443 2250 1557 2292 quae
1595 2238 1824 2288 secuntur,

132 2310 297 2366 pariter
328 2309 433 2352 illud
466 2308 634 2364 Vergili
667 2309 1056 2364 (Georg.11330):
1091 2322 1198 2352 vere
1222 2311 1415 2364 parturit
1448 2311 1585 2350 almus
1617 2323 1716 2363 ayer
1749 2308 1826 2349 Ze-

130 2383 334 2439 phyrique
356 2382 616 2424 trementibus
632 2383 748 2423 auris
766 2383 914 2423 laxant
940 2395 1047 2422 arva
1068 2382 1205 2431 simes3
1234 2378 1400 2434 pariter
1421 2378 1525 2420 illud
1547 2377 1828 2420 horatianum

251 2498 276 2543 ¹)
304 2499 373 2532 Hic
412 2508 535 2532 versus
572 2499 674 2540 satis,
714 2498 745 2532 si
781 2507 868 2540 opus
901 2500 966 2539 est,
1006 2496 1211 2530 defenditur
1241 2496 1304 2530 illo
1336 2495 1530 2530 nicandreo
1568 2494 1672 2529 Ther.
1700 2506 1733 2529 v.
1759 2494 1828 2528 233

135 2557 268 2592 collato
294 2558 377 2591 τοῖοί
402 2569 472 2601 περ
499 2557 593 2602 ὧραι
619 2558 783 2602 εἰαριναὶ
810 2559 1015 2602 φορέουσιν
1041 2556 1281 2600 ἐνεψιὴματα
1307 2556 1473 2600 κούραις,
1498 2564 1605 2597 poma
1630 2554 1728 2588 dicit.

251 2616 277 2660 2)
306 2615 385 2651 Scio
419 2615 584 2658 equidem
614 2626 686 2649 non
711 2618 858 2649 tantum
883 2615 949 2649 hoc
978 2613 1194 2657 Cypriorum
1219 2613 1295 2648 loco
1322 2614 1440 2648 Horas
1466 2623 1546 2647 cum
1571 2612 1719 2646 floribus
1746 2622 1827 2646 con-

134 2676 280 2717 sociari;
306 2674 485 2709 Hesiodus
511 2675 606 2708 enim
631 2675 770 2716 pariter
793 2674 910 2707 Horas
937 2673 1046 2706 finxit
1064 2672 1270 2706 Pandoram
1295 2671 1442 2706 floribus
1469 2681 1658 2705 coronasse
1684 2674 1753 2715 (op.
1770 2670 1827 2714 74)

135 2736 236 2779 ἀμφὶ
262 2734 301 2767 δὲ
327 2736 394 2777 τήν
418 2746 460 2778 γε
487 2731 601 2778 ’.Ωραι
626 2732 862 2778 καλλίκομοι
890 2735 1027 2777 στέφον
1054 2731 1217 2765 ἄνθεσιν
1242 2733 1479 2776 εἰαρινοῖσιν.
1523 2730 1555 2764 Α
1574 2729 1731 2763 Pindaro
1758 2739 1829 2763 non

134 2795 280 2826 tantum
305 2792 426 2826 Horae
453 2791 505 2836 (O.
527 2791 617 2825 XIII
633 2792 690 2836 17)
718 2791 990 2835 πολυάνθεμοι
1024 2790 1144 2824 dictae
1176 2792 1271 2833 sunt,
1307 2800 1432 2823 verum
1463 2789 1557 2822 idem
1591 2789 1757 2822 narravit
1791 2789 1829 2821 in

135 2850 362 2894 dithyrambo
394 2850 677 2885 Atheniensibus
716 2851 912 2892 composito
950 2859 1013 2883 ver
1038 2849 1218 2882 Horarum
1253 2848 1414 2882 thalamo
1452 2851 1613 2881 reserato
1650 2847 1755 2881 flores
1792 2848 1830 2881 in

134 2912 252 2943 terras
278 2909 451 2943 detulisse
477 2909 604 2953 (51275,
630 2921 663 2943 v.
681 2909 737 2951 13)
759 2911 917 2954 ἐναργέα
944 2909 975 2942 δ’
995 2909 1064 2952 ἐμὲ
1092 2907 1227 2952 σάματ’
1254 2909 1298 2941 οὐ
1320 2906 1524 2949 λανθάνει,
1552 2907 1830 2950 φοινικοεάνων

137 2968 237 3002 ὁπότ’
262 2968 462 3012 οἰχθέντος
480 2966 598 3013 Ὠρᾶν
614 2968 802 3012 θαλάμου
821 2968 986 3011 εὔοδμον
1004 2968 1190 3012 ἐπάγῃσιν
1216 2968 1282 3011 ἔαρ
1308 2966 1407 3011 φυτὰ
1431 2966 1620 3010 νεκτάρεα.
1660 2964 1831 3007 Sequitur

136 3029 216 3061 τότε
229 3026 415 3069 βάλλεται
428 3028 499 3061 τότ’
513 3028 573 3062 ἐπ’
588 3029 780 3072 ἀμβρόταν
794 3027 907 3071 χθόν’
923 3027 1050 3070 ἐραταὶ
1066 3027 1134 3060 ἴων
1149 3027 1276 3070 φόβαι,
1295 3025 1385 3070 ῥόδα
1404 3037 1441 3058 τε
1459 3026 1616 3069 κόμαισι
1636 3026 1830 3069 μίγνυται.
