2180 3482
369 226 427 265 44
1011 223 1064 257 De
1090 223 1220 266 hymno
1247 223 1426 267 Apollinis

368 330 537 372 Dorum
562 330 818 385 Βαὸρόμιος
841 329 1187 372 contaminatam
1211 343 1321 375 esse.
1371 329 1566 372 Similem
1588 330 1862 385 Delphorum
1886 330 2057 386 religio-

368 414 471 443 nem
487 402 683 455 praestat
704 400 868 442 mensis
881 400 1124 456 Delphicus
1140 402 1350 454 Βοάθοος
1369 400 1461 444 sive
1470 402 1699 454 Βοαθόιος
1714 401 1754 454 ¹).
1775 427 1825 430 —
1845 400 2060 456 Apollinis

372 470 501 513 Clarii
534 470 687 525 religio
720 470 865 513 minus
897 471 985 514 late
1016 471 1212 527 patuisse
1246 471 1438 515 videtur:
1473 471 1591 514 aliud
1614 471 1731 514 enim
1755 474 1822 514 est
1844 470 1957 513 illius
1990 471 2060 514 dei

369 541 582 596 templum
617 544 658 583 et
693 542 919 584 oraculum
953 541 1146 585 Clarium
1188 542 1233 584 in
1266 557 1372 598 agro
1408 542 1682 598 Colophonio
1716 542 1910 599 positum
1943 542 2061 597 apud

370 626 524 654 omnes
556 615 728 667 gentes,
770 613 962 655 maxime
1003 627 1110 656 vero
1144 614 1262 669 apud
1295 614 1518 655 Romanos
1556 612 1873 670 imperatorum
1914 616 2061 656 aetate

370 697 541 725 summa
578 682 842 726 auctoritate
880 683 1075 739 viguisse
1088 683 1132 736 ²),
1173 683 1289 726 aliud
1327 684 1487 726 multas
1527 683 1729 727 civitates
1769 699 1897 726 suum
1929 684 2061 727 deum

368 754 631 796 Ἀπόλλωνα
668 755 874 810 Κλάριον
922 755 1181 810 appellasse.
1244 754 1355 797 Illud
1398 754 1588 797 libenter
1633 755 1930 807 concedimus,
1977 755 2063 797 hoc

370 823 498 867 facile
547 838 643 867 esse
690 826 745 867 ad
790 825 1185 868 demonstrandum
1228 839 1458 881 negamus,
1520 825 1629 868 Illuc
1668 825 1798 878 enim,
1842 840 1934 869 non
1974 826 2063 868 huc

372 895 578 951 pertinet,
628 896 746 952 quod
791 898 845 939 τὰ
877 897 1058 953 Κλάρια
1105 896 1192 938 iam
1229 895 1504 939 hellenistica
1549 899 1695 939 aetate
1733 896 1916 939 ineunte
1954 896 2062 940 civis

370 965 654 1009 Atheniensis
697 966 1015 1022 epigrammate
1062 967 1107 1009 in
1140 966 1282 1024 patria
1328 966 1543 1023 Cecropia
1581 966 1725 1023 posito
1765 967 1951 1010 obscuro
1991 967 2062 1010 illo

371 1036 548 1093 quidem
572 1037 650 1091 (IG
667 1038 707 1079 Il
730 1040 855 1092 1311)
881 1052 927 1081 se
950 1037 1110 1081 vicisse
1132 1039 1344 1094 gloriatus
1367 1042 1432 1081 est
1448 1038 1496 1093 3);
1531 1038 1645 1090 illuc,
1688 1038 1806 1095 quod
1829 1037 2063 1093 Smyrnaei

368 1107 611 1151 Alexandri
652 1112 799 1152 aetate
830 1109 1080 1165 Apollinem
1120 1109 1313 1153 Clarium
1353 1110 1685 1161 consuluerunt,
1729 1108 1810 1151 sibi
1847 1109 2064 1152 liceretne

370 1179 497 1222 sedes
546 1183 719 1222 mutare
763 1179 1004 1223 Alexandri
1053 1181 1235 1236 imperio
1287 1180 1698 1237 obtemperantibus
1744 1179 1838 1231 (cfr.
1872 1180 2061 1222 Pausan.

371 1250 453 1292 VII
476 1252 515 1302 5,
540 1253 603 1305 3);
653 1250 755 1293 illuc
794 1251 970 1307 pariter,
1020 1253 1139 1308 quod
1171 1252 1350 1294 Tacitus
1389 1256 1538 1294 narrat
1580 1250 1892 1295 Germanicum
1931 1251 2061 1301 (Ann.

370 1321 506 1375 1154)
546 1323 773 1365 oraculum
807 1322 1000 1366 Clarium
1033 1323 1206 1376 adiisse,
1245 1323 1538 1380 Agrippinam
1578 1323 1693 1366 idem
1727 1322 1858 1377 (Ann.
1883 1322 1970 1364 XII
1988 1323 2062 1378 22)

490 1440 514 1484 ¹)
541 1440 669 1484 Apollo
697 1444 824 1475 contra
850 1441 1011 1476 Βοάσων
1037 1452 1123 1475 num
1149 1452 1301 1484 usquam
1327 1453 1487 1485 unquam
1512 1441 1631 1483 fuerit,
1667 1452 1722 1475 me
1748 1440 1978 1475 vehementer
2003 1440 2065 1475 du-

369 1499 487 1533 bitare
512 1499 639 1534 fateor.
683 1499 955 1534 Maximilianus
982 1502 1076 1534 enim
1103 1501 1261 1535 Frankel
1288 1512 1398 1535 ranae
1425 1511 1558 1536 aeneae
1585 1501 1784 1543 antiquarii
1810 1501 1902 1544 regii
1928 1499 2063 1534 Beroli-

370 1559 491 1593 nensis
523 1559 684 1601 antiquis
714 1558 850 1593 litteris
884 1559 994 1604 Αμον
1019 1560 1168 1594 Σονοου
1194 1560 1372 1603 Βοασονι,
1399 1561 1435 1594 id
1462 1564 1516 1595 est
1541 1560 1680 1605 ’‘Aptwv
1705 1561 1862 1594 Σωνόου
1888 1559 2066 1594 Βοάσωνι

372 1618 587 1661 inscriptum
622 1628 701 1652 cum
735 1618 867 1662 legisse
909 1619 977 1653 sibi
1019 1620 1118 1653 visus
1145 1622 1240 1653 esset
1276 1619 1340 1664 (IG
1358 1619 1410 1655 IV
1427 1619 1521 1662 357),
1558 1630 1576 1653 e
1601 1619 1810 1653 litterarum
1834 1618 1959 1652 formis
1984 1621 2021 1652 et
2047 1628 2065 1652 e

371 1676 591 1721 diphthongo
619 1689 662 1711 ov
689 1678 726 1710 in
752 1680 828 1711 tam
854 1678 1003 1720 antiquo
1022 1677 1131 1712 titulo
1149 1679 1242 1712 mira
1260 1678 1437 1713 conclusit
1454 1689 1581 1712 ranam
1600 1689 1621 1712 a
1639 1677 1836 1712 Corinthiis
1863 1677 2065 1712 dedicatam

371 1745 459 1779 esse,
497 1736 684 1770 Βοάσωνα
710 1736 913 1780 Apollinem
932 1737 1199 1772 Auxiliatorem
1218 1737 1328 1772 fuisse
1355 1738 1499 1772 statuit.
1539 1738 1599 1781 At,
1627 1741 1668 1772 ut
1694 1739 1884 1771 mittamus
1910 1736 1952 1770 de
1977 1736 2012 1769 B
2028 1737 2066 1770 in

371 1796 513 1829 nomine
539 1795 716 1830 Βοάσωνι
748 1797 893 1830 minime
930 1800 1107 1840 constare,
1143 1798 1262 1840 ipsum
1289 1800 1411 1831 autem
1439 1796 1673 1831 Frankelium
1699 1796 1931 1839 aliquatenus
1968 1798 2065 1830 certe

372 1854 562 1888 concedere
600 1854 690 1888 nihil
728 1855 882 1898 obstare,
922 1857 1112 1898 quominus
1149 1855 1243 1890 hunc
1277 1855 1427 1890 titulum
1462 1857 1541 1899 pari
1576 1857 1653 1890 iure
1685 1856 1730 1890 ad
1757 1854 1912 1898 Sicyona
1937 1854 1994 1889 vel
2021 1855 2066 1888 ad

371 1912 546 1947 Phliunta
571 1914 778 1957 referamus,
805 1918 846 1948 ut
871 1914 907 1948 id
934 1915 1133 1957 mittamus,
1168 1925 1236 1957 quo
1263 1917 1339 1949 iure
1365 1915 1527 1949 Βοάσων
1557 1914 1845 1959 „opitulatorem,
1873 1913 2066 1948 auxiliato-

372 1972 466 2006 rem“
497 1972 679 2015 explicat?
729 1973 833 2016 Nam,
867 1974 960 2016 quod
985 1975 1122 2009 Usener
1149 1974 1413 2008 demonstravit
1439 1976 1532 2018 βοήυ
1558 1984 1664 2017 saepe
1690 1973 1785 2007 idem
1809 1973 1883 2007 iere
1908 1973 2066 2007 valuisse

372 2034 482 2073 atque
501 2031 686 2075 auxilium,
714 2032 796 2066 inde
815 2043 885 2067 non
903 2035 1144 2075 consequitur,
1171 2037 1213 2067 ut
1231 2037 1324 2075 βοᾶν
1342 2033 1513 2067 auxiliari
1533 2032 1806 2077 significaverit,
1833 2043 1903 2066 non
1920 2035 2066 2066 tantum

373 2089 540 2134 clamare,
567 2092 747 2134 quiritari,
767 2091 943 2126 auxilium
960 2096 1091 2135 petere.
1126 2092 1275 2126 Accedit
1294 2096 1345 2135 ut,
1373 2093 1517 2126 etiamsi
1540 2093 1620 2134 quis
1646 2092 1863 2126 concesserit
1879 2091 2066 2125 Βοάσωνα

372 2160 501 2184 nomen
537 2153 634 2184 recte
670 2150 865 2185 formatum
899 2151 955 2185 dei
988 2151 1218 2185 auxiliatoris
1251 2151 1373 2193 fuisse,
1409 2151 1565 2185 nondum
1592 2151 1879 2186 demonstratum
1905 2150 1954 2184 sit
1990 2153 2068 2184 tam

373 2210 526 2251 antiqua
557 2210 629 2244 iam
663 2213 785 2244 aetate
811 2210 997 2244 Βοάσωνα
1022 2212 1144 2253 potius
1171 2210 1375 2253 Apollinem
1402 2210 1537 2244 dictum
1568 2220 1644 2244 esse
1680 2221 1788 2252 quam
1815 2209 1919 2244 deum
1945 2210 2067 2253 singu·

373 2268 495 2311 larem,
531 2270 593 2310 qui
627 2269 783 2303 nondum
819 2280 899 2304 cum
924 2269 1092 2312 Apolline
1128 2269 1332 2304 coaluisset.
1394 2269 1487 2304 Huic
1521 2269 1653 2303 iudicio
1686 2270 1796 2304 etiam
1832 2279 1923 2311 quae
1958 2278 2067 2311 supra

375 2326 421 2371 (p.
442 2328 496 2370 42,
524 2328 604 2362 adn.
625 2328 659 2372 2)
687 2328 728 2362 de
754 2329 978 2363 Boedromiis
1011 2329 1136 2363 atticis
1163 2329 1311 2372 exposui
1350 2329 1470 2363 nescio
1506 2339 1552 2363 an
1586 2328 1745 2363 faveant.
1797 2328 1917 2363 Unum
1942 2337 2067 2362 rursus

376 2397 512 2430 moneo,
540 2387 696 2422 nondum
722 2392 889 2423 constare
915 2388 1019 2422 deum
1045 2388 1231 2423 Βοάσωυα
1257 2398 1416 2430 unquam
1441 2389 1478 2421 in
1504 2389 1612 2422 terris
1638 2388 1759 2422 fuisse.

486 2446 512 2489 2)
541 2447 766 2481 Testimonia
799 2447 1021 2491 collegerunt
1048 2447 1205 2482 Buresch
1237 2447 1358 2481 libello
1384 2447 1483 2481 illius
1510 2447 1647 2481 oraculi
1674 2447 1877 2491 cognomini
1909 2446 2068 2490 (paginis

376 2506 567 2549 praecipue
605 2506 649 2540 29
673 2506 756 2551 sq.);
800 2507 1031 2541 Wernickius
1070 2507 1233 2551 (PW.11
1257 2507 1301 2540 54
1327 2506 1429 2551 sqq),
1474 2507 1535 2549 qui
1573 2506 1690 2540 multa
1728 2509 1932 2548 enumerat3
1975 2515 2067 2548 quae

376 2568 500 2599 tamen
526 2575 590 2599 nos
617 2565 840 2609 distinguere
866 2566 1061 2608 studemus,
1098 2566 1289 2609 permiscet
1316 2569 1425 2607 atque
1452 2565 1648 2600 confundit.
1700 2565 1777 2609 Ego
1803 2575 1920 2608 pauca
1946 2564 2068 2599 addidi

378 2635 470 2668 quae
497 2625 572 2659 sive
603 2623 685 2659 illos
717 2624 889 2669 fugerunt
915 2626 989 2660 sive
1016 2625 1173 2659 nondum
1198 2625 1452 2667 innotuerant3
1488 2624 1594 2668 plura
1629 2625 1671 2659 de
1697 2624 1911 2659 sacerdotiis
1937 2622 2068 2658 Clariis

382 2684 546 2726 quaesivi
563 2685 600 2718 in
619 2684 866 2727 disputatione
890 2684 931 2718 de
957 2684 1130 2719 ambobus
1153 2683 1347 2718 Nicandris
1368 2684 1487 2728 (Studi
1503 2683 1581 2718 ital.
1598 2683 1634 2717 di
1647 2683 1694 2717 fil.
1711 2682 1814 2718 class.
1829 2682 1952 2717 XX79
1963 2682 2066 2726 sqq).

497 2742 522 2787 S)
555 2743 608 2777 Τὰ
634 2743 792 2789 Κλάρια
818 2744 906 2777 item
932 2746 1257 2778 commemorantur
1282 2743 1319 2776 in
1345 2742 1454 2777 titulo
1474 2742 1544 2777 Coo
1564 2741 1650 2785 Syll.
1671 2742 1738 2776 678
1758 2741 1815 2785 (=
1837 2741 1903 2775 105
1921 2741 2065 2785 Paton)‚

379 2802 421 2835 12
447 2802 606 2847 Κλάρια
632 2805 673 2836 ἐν
700 2802 924 2848 Κολοφῶνι.
960 2802 1170 2845 Colophonii
1197 2802 1342 2836 decreta
1379 2812 1444 2836 sua
1478 2803 1515 2835 in
1550 2800 1684 2844 templo
1712 2800 1830 2835 Clario
1864 2800 2066 2843 incidenda,

376 2860 475 2895 feriis
502 2861 631 2895 Clariis
659 2872 680 2895 a
705 2871 880 2904 praecone
904 2861 1057 2906 legenda
1084 2862 1271 2904 curabant,
1307 2864 1348 2894 ut
1374 2871 1391 2894 e
1417 2860 1528 2895 titulo
1563 2863 1715 2903 apparet
1740 2860 1893 2894 Prienae
1919 2860 2066 2893 invento

378 2919 512 2953 saeculi
545 2931 575 2954 a.
603 2920 682 2954 Chr.
702 2931 734 2954 n.
763 2921 828 2963 III,
865 2921 919 2963 57,
959 2920 1084 2954 5Hill.
1121 2924 1197 2962 τοῖς
1232 2921 1271 2954 δὲ
1307 2919 1498 2964 Κλαρίοις
1539 2919 1629 2964 [τοῖς
1663 2918 1848 2964 μεγάλοις
1879 2921 1943 2953 καὶ
1978 2917 2067 2963 τοῖς]

385 2977 573 3020 Τονείοις,·
599 2980 618 3013 7
646 2981 699 3021 εἰς
726 2981 763 3013 τὸ
791 2980 892 3024 ἱερὸν
918 2983 981 3013 τοῦ
1008 2979 1252 3021 Ἀπόλλωνος
1278 2982 1341 3012 τοῦ
1367 2978 1558 3023 Κλαρίου.
1585 2978 1704 3020 Atque
1729 2977 1832 3012 tituli
1859 2977 2069 3020 Colophonii

381 3036 479 3071 Clari
505 3038 645 3072 inventi
671 3042 775 3072 sunt:
804 3038 864 3072 cfr.
885 3038 1154 3073 dissertationis
1179 3048 1290 3081 meae,
1317 3047 1424 3080 quam
1450 3047 1559 3080 supra
1584 3036 1705 3080 attuli,
1732 3046 1765 3079 p.
1783 3036 1839 3071 82.
