2180 3482
349 250 430 290 104
979 246 1033 280 De
1058 246 1191 280 fabulis
1217 247 1403 289 cyrenaeis

344 354 444 396 dem
483 352 699 395 confiteor
737 351 842 393 mihi
882 351 967 394 iter
1003 351 1109 393 iHud
1145 365 1235 393 non
1279 351 1456 395 aliunde
1488 352 1702 407 explicari
1735 367 1866 408 posse
1902 352 2041 395 videri

342 423 427 465 nisi
460 437 483 465 e
516 426 635 465 certo
674 425 834 478 poetae
873 422 1069 475 consilio,
1109 425 1157 464 ut
1200 424 1456 465 colonorum
1497 423 1809 478 cyrenensium
1848 423 2041 479 origines

343 492 601 535 thessalicas
633 492 903 545 vindicaret,
946 492 990 534 id
1022 507 1128 536 vero
1162 493 1221 534 issi
1259 493 1305 535 in
1344 496 1541 536 mentem
1579 508 1669 535 non
1707 493 1918 545 venisset,
1957 494 2040 536 nisi

342 563 426 619 ipsi
460 563 681 618 Cyrenaei
712 562 995 605 thessalicam
1029 563 1245 618 originem
1279 563 1608 619 profiterentur.
1672 564 1729 605 At
1769 563 2039 619 profiteban-

342 637 427 685 tur,
461 637 509 675 ut
543 647 566 676 e
598 633 749 675 fabula
771 633 855 675 alia
882 633 1118 689 cyrenensi
1141 634 1435 676 demonstrari
1468 637 1627 690 potest.
1683 634 1772 677 Sed
1802 649 1954 677 rursus
1986 636 2040 677 ab

342 704 466 746 initio
500 704 760 747 ordiendum
795 706 873 746 est.

1177 837 1203 875 3

461 915 714 958 Herodotus
755 916 832 969 (IV
862 918 1067 971 145sqq.)
1107 918 1335 958 asseverat
1370 916 1648 971 Cyrenarum
1688 917 1881 972 origines
1914 917 2041 960 aliter

343 1001 367 1027 a
405 985 782 1038 LacedaemoniiS,
831 986 957 1028 aliter
995 1001 1020 1028 a
1059 986 1282 1037 Theraeis,
1331 986 1458 1029 aliter
1500 1001 1526 1029 a
1568 987 1812 1042 Cyrenaeis
1852 988 2039 1041 narrari3

341 1056 437 1113 ipse
479 1071 593 1113 quae
635 1056 819 1113 exponit
863 1058 918 1099 ad
951 1056 1148 1112 singulos
1181 1057 1368 1113 populos
1402 1057 1528 1113 quasi
1567 1058 1622 1100 ad
1655 1061 1801 1100 certos
1834 1061 2040 1101 auctores

341 1127 496 1180 refert3
544 1141 692 1184 neque
740 1131 807 1170 est
849 1142 927 1170 cur
969 1127 1029 1169 ilii
1069 1127 1204 1170 fidem
1247 1142 1338 1170 non
1379 1127 1637 1170 tribuamus.
1700 1129 1752 1170 In
1784 1128 1902 1185 ipsas
1936 1143 2040 1172 vero

341 1197 514 1240 fabulas
540 1198 602 1240 ita
633 1198 856 1254 inquirere
888 1198 933 1240 in
968 1198 1113 1240 animo
1149 1201 1228 1250 est,
1262 1201 1310 1240 ut
1344 1199 1397 1241 de
1430 1198 1590 1241 fabulis
1622 1200 1805 1242 theraea
1838 1202 1882 1242 et
1915 1213 2040 1255 cyre-

341 1282 454 1310 naea
490 1268 683 1324 primum
721 1268 1024 1311 additamenta
1063 1269 1282 1324 quaedam
1321 1269 1627 1312 recentissima
1659 1270 1901 1322 demamus,
1946 1273 2040 1312 tum

341 1338 435 1380 illas
475 1339 592 1382 inter
633 1353 679 1381 se
722 1353 1028 1394 comparemus
1061 1338 1245 1381 aliorum
1279 1353 1457 1395 quoque
1490 1339 1769 1395 scriptorum,
1812 1340 1858 1382 in
1890 1340 2040 1396 primis

342 1409 533 1461 Pindari,
566 1409 830 1452 testimoniis
864 1409 1056 1462 adscitis,
1095 1412 1190 1451 tum
1213 1410 1391 1452 demum
1414 1411 1470 1452 ad
1491 1409 1700 1462 fabulam,
1735 1425 1868 1466 quam
1900 1412 2040 1454 Hero-

342 1480 471 1521 dotus
504 1479 644 1536 primo
677 1480 774 1522 1000
808 1479 957 1532 refert,
992 1481 1047 1522 ad
1079 1479 1338 1532 laconicam,
1371 1481 1762 1536 transgrediamur.
1810 1481 1881 1533 At,
1916 1484 2039 1524 ante-

344 1565 477 1606 quam
511 1550 669 1602 ordior,
704 1565 843 1593 unum
870 1551 925 1593 ad
959 1565 1110 1593 eorum
1143 1553 1338 1594 mentem
1364 1551 1438 1607 qui
1463 1551 1617 1606 legant
1648 1565 1860 1595 revocare
1894 1552 2039 1605 velim,

344 1621 462 1677 quod
494 1621 807 1676 gravissimum
841 1635 938 1664 esse
970 1621 1057 1663 iam
1084 1621 1321 1664 Maltenius
1355 1624 1411 1677 (p.
1437 1624 1509 1676 97)
1543 1622 1728 1675 monuit,
1766 1623 2041 1666 Herodotum

343 1691 499 1734 testari
533 1693 661 1734 Batto
685 1692 758 1734 ΠΙ.
793 1706 900 1748 rege
925 1692 1206 1735 Demonacta
1232 1693 1438 1735 arcadem
1462 1692 1795 1748 Cyrenaeorum
1828 1694 2041 1750 populum

342 1761 388 1804 in
420 1765 510 1805 tres
542 1763 701 1819 phylas
735 1763 950 1815 divisisse,
985 1777 1172 1819 quarum
1206 1763 1290 1805 alia
1323 1777 1347 1806 e
1369 1763 1579 1807 Theraeis
1613 1767 1658 1806 et
1682 1764 1901 1807 Perioecis
1936 1779 2039 1806 con-

342 1836 491 1885 staret,
526 1833 610 1876 alia
633 1848 656 1877 e
680 1833 1015 1889 Peloponnesiis
1040 1836 1083 1876 et
1107 1833 1408 1886 Cretensibus,
1444 1834 1527 1876 alia
1551 1848 1604 1877 ex
1633 1834 1860 1877 insulanis.
1918 1835 2041 1878 Idem

342 1903 459 1946 enim
475 1905 728 1946 Herodotus
748 1907 900 1946 narrat
923 1919 949 1946 a
965 1905 1097 1947 Batto
1110 1905 1162 1946 Π.
1188 1918 1295 1959 rege
1313 1904 1499 1948 advenis
1523 1918 1577 1947 ex
1602 1905 1807 1947 omnibus
1826 1905 2041 1948 Graeciae

341 1973 541 2029 partibus
589 1974 811 2017 arcessitis
851 1974 1185 2030 Cyrenaeorum
1236 1975 1495 2030 priscorum,
1541 1975 1585 2017 id
1618 1978 1697 2028 est,
1739 1975 1775 2017 si
1812 1976 2039 2019 Herodoto

342 2044 575 2097 credimus,
611 2045 868 2087 colonorum
899 2046 1200 2088 Theraeorum
1232 2060 1467 2088 numerum
1500 2049 1680 2088 auctum
1714 2061 1824 2089 esse.
1877 2047 2038 2102 Atque,

342 2115 577 2171 quominus
605 2116 658 2158 de
691 2116 775 2158 hac
807 2115 1063 2158 narratione
1096 2116 1387 2171 ambigamUS,
1421 2116 1603 2159 nomina
1634 2117 1870 2173 phylarum
1903 2117 2038 2172 impe-

341 2185 480 2237 diunt,
523 2200 636 2239 quae
674 2185 780 2228 ficta
814 2200 911 2229 esse
944 2186 1122 2229 omnino
1157 2201 1248 2229 non
1280 2190 1481 2243 possunt.
1545 2188 1756 2231 Advenas
1790 2201 1896 2231 vero
1930 2187 2039 2230 istos

340 2256 584 2298 narrationi
631 2257 686 2299 de
732 2256 1011 2312 Cyrenarum
1062 2257 1306 2313 originibus
1344 2257 1420 2299 ffla
1466 2272 1584 2301 nova
1630 2258 1876 2301 intexuisse
1923 2259 2038 2301 ultro

342 2330 672 2383 exspectamus,
712 2342 815 2370 nam
853 2328 1047 2371 maxime
1087 2328 1301 2384 cuiusque
1334 2328 1546 2371 intererat
1589 2328 1740 2371 fabula
1772 2329 2040 2372 concinnata

341 2397 645 2440 demonstrare
678 2397 903 2441 civitatem
937 2412 1231 2454 cyrenensem
1262 2413 1355 2441 non
1389 2399 1470 2441 sibi
1502 2413 1645 2456 nuper
1677 2400 1855 2442 demum
1878 2414 1903 2442 a
1925 2400 2038 2442 The-

340 2467 454 2510 raeis
493 2468 717 2519 donatam,
762 2469 839 2511 sed
879 2469 961 2511 sibi
1001 2469 1068 2511 ius
1111 2470 1334 2526 quoddam
1366 2469 1410 2511 in
1445 2470 1631 2526 Libyam
1663 2484 1806 2526 usque
1839 2471 1893 2513 ab
1926 2470 2038 2512 anti—

342 2537 553 2594 quissima
600 2542 747 2581 aetate
794 2539 942 2582 fuisse.
1008 2541 1131 2583 Haec
1179 2554 1286 2583 vero
1336 2540 1528 2596 suspicio
1576 2541 1748 2583 illarum
1788 2541 2038 2583 fabularum

341 2609 662 2664 compositione
714 2609 949 2665 diligenter
1005 2611 1259 2653 examinata
1311 2611 1558 2654 stabilietur
1609 2615 1745 2668 atque
1802 2611 2036 2654 confirma-

340 2678 470 2721 bitur.

459 2750 680 2805 Cyrenaei
705 2751 947 2793 narrabant
973 2754 1088 2808 (cap.
1118 2754 1200 2794 154
1212 2755 1325 2809 sqq.)
1350 2752 1629 2804 Phronimae,
1665 2752 1885 2804 Etearchi,
1919 2752 2036 2807 regis

341 2820 453 2862 Oaxi
487 2820 677 2863 civitatis
704 2822 931 2874 cretensis,
965 2822 1096 2875 filiae,
1131 2837 1156 2864 a
1186 2836 1383 2866 noverca
1406 2822 1586 2865 insidias
1610 2826 1745 2878 atque
1769 2837 1926 2866 necem
1958 2838 2035 2879 pa-

340 2893 481 2932 ratam
515 2905 624 2943 esse,
666 2907 798 2948 quam
837 2893 932 2936 viro
966 2893 1239 2949 persuasisse
1271 2893 1389 2935 issam
1421 2893 1722 2949 impudicitiae
1755 2893 1927 2936 crimini
1959 2894 2034 2936 ob-

339 2960 519 3002 noxiam
553 2975 661 3004 esse.
714 2963 985 3005 Etearchum
1018 2977 1124 3006 vero
1158 2963 1482 3015 Themisonem,
1517 2963 1737 3019 hospitem
1771 2965 2033 3016 Theraeum,

341 3029 416 3085 qui
447 3029 530 3086 ipsi
561 3031 749 3075 iurasset
781 3047 840 3085 se,
876 3033 1090 3090 quidquid
1116 3048 1142 3076 a
1163 3048 1210 3077 se
1242 3036 1459 3090 posceret,
1492 3033 1728 3087 facturum,
1762 3034 1950 3090 rogavit,
1984 3037 2034 3076 ut
