2180 3482
320 238 375 276 8ss
961 233 1013 266 Dc
1039 233 1170 275 hymno
1196 233 1376 276 Apollinis

320 340 470 382 bidum
513 354 620 382 6556.
684 339 740 380 At
789 340 873 380 hoc
915 338 1172 380 Callimachi
1213 338 1392 381 minime
1433 338 1664 381 intererat:
1716 338 1852 381 voluit
1898 338 2014 381 enim

321 410 571 466 quempiam
590 424 800 463 magnum
826 408 1029 459 fluvium3
1055 408 1201 450 Nilum
1220 424 1393 451 sacrum
1412 423 1586 451 amnem
1604 408 1918 451 Alexandriam
1939 410 2012 451 ad-

320 480 472 522 labens
506 479 756 534 exemplum
786 493 951 534 ponere
982 493 1072 521 non
1101 479 1281 531 licebat3
1315 480 1579 535 Euphrates,
1614 482 1769 535 utpote.
1803 479 1877 535 qui
1909 479 2014 521 satis

321 553 514 592 remotus
543 552 672 601 esset,
707 549 902 604 speciem
935 549 1060 605 quasi
1092 549 1338 592 fabulosam
1372 550 1626 605 praebebat.
1662 576 1715 580 -—
1754 549 1833 593 109
1852 563 1921 602 sq.
1954 550 2015 591 ita

320 620 586 675 interpretor
629 620 754 675 quasi
796 619 1009 676 scriptum
1051 623 1188 663 esset:
1233 623 1286 663 τὰ
1327 621 1473 662 πολλὰ
1513 623 1629 663 ἕλκει
1661 621 1808 663 πολλὰ
1839 622 2014 674 λύματα

320 696 399 746 γῆς
431 694 505 733 καὶ
537 691 710 733 πολλὸν
744 692 966 746 συρφετὸν
1005 689 1074 746 ἐφ’
1107 691 1252 741 ὕὸατις
1302 690 1345 732 id
1392 693 1458 732 est
1498 693 1551 733 τὰ
1583 693 1730 733 πολλά
1770 691 2015 746 temporale

320 761 579 803 adverbium
604 761 658 802 ad
681 761 867 803 verbum
901 761 1115 802 ambabus
1139 761 1371 803 sententiis
1395 775 1630 803 commune
1652 761 1809 812 refero,
1843 762 2015 804 πολλόν

321 831 375 873 ad
399 830 617 886 posterius
641 831 863 873 obiectum
887 831 1079 886 positum
1103 831 1235 873 etiam
1259 831 1314 873 ad
1336 830 1457 886 prius
1489 830 1757 873 audiendum
1793 846 1889 874 esse
1912 846 2014 874 cen-

321 915 418 953 56ος
454 901 489 943 si
516 901 614 957 quis
641 901 758 944 enim
791 901 917 944 aliter
949 901 1192 956 intellegat,
1227 904 1280 944 τὰ
1314 903 1460 944 πολλά
1493 901 1761 944 adiectivum
1795 915 1891 944 esse
1925 902 2014 944 exi-

323 971 469 1015 stimet
493 975 627 1028 atque
652 986 750 1014 cum
779 972 850 1014 illo
883 974 1057 1026 λύματα
1089 972 1259 1027 iungat,
1294 972 1412 1027 quod
1443 971 1530 1013 iam
1563 971 1799 1014 discrimen
1822 971 1937 1015 inter
1962 975 2016 1015 τὰ

319 1044 469 1085 πολλά
502 1046 544 1085 et
577 1044 750 1085 πολλόν
784 1042 866 1084 sit?
916 1042 1047 1085 etiam
1082 1042 1187 1099 quid
1220 1042 1301 1084 sibi
1334 1043 1427 1085 vult
1463 1041 1672 1084 articulus
1698 1041 1769 1085 ille
1796 1042 2014 1086 adiectivo

320 1113 523 1155 additus?
562 1128 666 1155 nam
702 1114 967 1169 „pleraeque
1001 1114 1177 1156 sordes“
1214 1113 1463 1156 sente-ntiae
1496 1127 1653 1169 parum
1679 1114 2015 1155 accomodatum

321 1186 399 1225 est.
448 1184 587 1226 Immo
612 1187 653 1226 et
679 1187 730 1227 τὰ
754 1186 901 1226 πολλά
925 1188 967 1226 et
990 1185 1165 1227 πολλόν
1188 1185 1322 1226 semel
1347 1186 1589 1239 ponuntur,
1623 1183 1689 1225 bis
1716 1184 2017 1239 intellegenda

321 1257 442 1306 sunt3
476 1257 528 1297 τὰ
561 1255 710 1297 πολλά
743 1254 993 1297 sententiae
1016 1254 1139 1296 initio
1168 1255 1431 1297 collocatum
1465 1257 1544 1306 est,
1580 1256 1751 1298 πολλόν
1784 1255 2015 1310 posteriori

319 1328 494 1366 tantum
518 1325 691 1367 obiecto
716 1325 925 1366 additum.
961 1325 1110 1367 Voluit
1136 1325 1301 1367 scilicet
1330 1325 1405 1381 qui
1428 1325 1601 1381 scripsit
1626 1339 1726 1367 eum
1751 1325 1825 1381 qui
1846 1326 2016 1380 legeret

321 1395 447 1450 quasi
468 1395 513 1436 in
537 1409 728 1438 errorem
751 1395 912 1438 induci.
939 1422 992 1425 ——
1018 1395 1251 1438 Scribendi
1273 1410 1415 1451 genus
1439 1399 1599 1451 poetae
1627 1411 1727 1438 cum
1752 1395 1892 1438 facilis
1920 1400 2015 1438 tum

319 1465 464 1507 minus
513 1465 708 1508 accurati
756 1480 856 1508 cum
904 1466 1088 1509 flumine
1126 1466 1345 1508 lutulento
1384 1466 1549 1522 pariter
1588 1466 1772 1509 contulit
1806 1467 2016 1509 Horatius

320 1552 437 1578 serm.
462 1537 543 1588 14,
579 1539 622 1577 11
663 1540 922 1593 cumflueret
945 1540 1185 1580 lutulentus.
1221 1563 1274 1567 —
1314 1536 1541 1580 110-112
1575 1537 1788 1580 Versibus
1823 1536 1897 1593 qui
1928 1536 2015 1579 iam

320 1610 532 1649 secuntur
564 1621 751 1662 parvum
785 1622 964 1650 carmen
998 1607 1202 1650 omnibus
1234 1608 1431 1650 numeris
1464 1608 1714 1650 absolutum
1749 1612 1883 1664 atque
1916 1622 2013 1663 per-

320 1677 485 1719 fectum
532 1692 631 1719 cum
680 1692 822 1733 aquae
865 1679 1059 1734 puritate
1113 1681 1408 1735 comparatur,
1465 1693 1553 1734 qua
1596 1679 1800 1722 Melissae
1842 1678 2015 1722 Cereris

321 1747 601 1790 simulacrum
624 1748 795 1801 lavant3
820 1751 942 1806 ὕδωρ
961 1749 1078 1792 enim
1095 1750 1329 1792 lavationis
1353 1749 1397 1791 in
1416 1764 1543 1791 usum
1563 1764 1588 1791 a
1605 1749 1791 1792 Melissis
1808 1750 2015 1791 haustum

321 1832 417 1861 esse
449 1822 688 1874 propterea
719 1819 901 1876 accipio,
937 1821 1068 1877 quod,
1105 1824 1321 1877 quantum
1355 1820 1456 1875 scio,
1490 1821 1545 1862 ab
1574 1820 1767 1877 antiquis
1801 1820 1866 1862 dis
1899 1835 2015 1876 aqua

319 1904 549 1945 nunquam
589 1889 888 1932 sacrificatum
928 1895 1006 1933 est.
1075 1892 1159 1943 „At
1198 1892 1251 1934 de
1286 1891 1458 1934 Cereris
1499 1891 1731 1934 simulacro
1771 1906 1796 1933 a
1828 1891 2015 1933 Melissis

318 1959 438 2002 lauto
471 1975 651 2015 prorsus
685 1961 791 2002 nihil
823 1962 1033 2003 traditum
1068 1966 1175 2007 est.*‘
1241 1962 1296 2003 At
1332 1966 1441 2018 quot
1466 1961 1721 2005 testimonia
1747 1963 1802 2004 de
1829 1961 2014 2004 Melissis

321 2030 494 2072 Cereris
534 2032 604 2074 vel
642 2032 907 2086 mystidibus
947 2033 1016 2075 vel
1056 2032 1361 2075 sacerdotibus
1401 2036 1641 2089 supersunt
1679 2035 1856 2088 praeter
1896 2033 2015 2074 hunc

321 2100 577 2144 Callimachi
599 2103 745 2145 locum
769 2117 901 2158 quem
924 2103 1250 2159 disceptamus?
1299 2104 1410 2146 Item
1432 2117 1513 2159 per
1534 2118 1673 2145 unum
1697 2103 2014 2145 Callimachum

320 2171 524 2214 novimus
557 2173 687 2228 Argis
720 2173 963 2215 Palladium
996 2174 1134 2216 lavari
1167 2174 1343 2215 solitum
1377 2188 1486 2216 esse.
1542 2173 1905 2216 Consentaneum
1948 2176 2015 2215 est

319 2241 472 2284 talium
495 2242 673 2295 rituum,
702 2244 777 2300 qui
799 2244 985 2287 fuissent
1011 2244 1225 2301 cuiusque
1248 2244 1439 2287 civitatis
1463 2244 1722 2299 singulares,
1757 2244 2013 2286 memoriam

319 2317 392 2355 aut
437 2314 671 2357 evanuisse
710 2319 784 2357 aut
824 2316 878 2357 ab
918 2330 1006 2358 uno
1041 2319 1168 2368 teste,
1215 2316 1345 2358 docto
1386 2316 1531 2372 aliquo
1567 2315 1870 2367 alexandrino,
1921 2329 2009 2358 ser-

320 2388 466 2426 vatam
509 2398 616 2427 esse.
690 2386 874 2428 Accedit
915 2387 1052 2442 quod,
1101 2387 1146 2428 ni
1183 2386 1322 2439 fallor,
1375 2386 1615 2442 vestigium
1653 2386 1782 2428 huius
1821 2386 1930 2428 ritus
1969 2385 2012 2427 in

321 2454 493 2497 Cereris
527 2456 661 2498 sacris
695 2456 794 2498 alibi
829 2472 1007 2513 quoque
1041 2461 1266 2501 servatum
1300 2461 1378 2509 est,
1414 2458 1532 2513 quod
1565 2461 1805 2513 antequam
1831 2456 2013 2499 investi-

318 2538 488 2579 gemus,
520 2540 706 2569 necesse
739 2531 803 2570 est
837 2529 1051 2570 nonnulla
1084 2528 1168 2571 alia
1198 2532 1404 2570 tractare.

437 2597 710 2653 Porphyrius
735 2599 806 2645 (de
830 2603 940 2640 antr.
964 2600 1147 2655 nymph.
1177 2601 1244 2651 18)
1279 2602 1429 2641 narrat
1463 2599 1635 2642 Cereris
1670 2599 1923 2641 sacerdotes
1956 2598 2010 2639 ab

318 2740 464 2782 scripsit,
483 2739 624 2774 Sachau
649 2740 766 2774 lutum
792 2742 953 2784 riparum
974 2742 1173 2785 Euphratis
1191 2742 1374 2784 equitibus
1393 2741 1578 2775 obstaculo
1598 2751 1674 2774 esse
1692 2740 1812 2783 (Reise
1830 2740 1867 2772 in
1886 2738 2013 2781 Syrien

317 2798 388 2831 und
407 2798 690 2841 Mesopotamien
710 2800 801 2844 261).
832 2800 931 2842 Quod
950 2801 1092 2835 Plinius
1119 2800 1166 2845 (n.
1185 2800 1217 2834 h.
1236 2800 1361 2835 XVIII
1381 2800 1461 2844 16⁴2)
1487 2803 1599 2843 negat
1618 2799 1840 2842 Euphratem
1858 2797 2013 2841 Tigrim-

318 2866 385 2897 que
411 2856 535 2891 limum
561 2859 740 2902 invehere,
774 2860 869 2893 sicut
900 2861 937 2893 in
963 2861 1131 2904 Aegypto
1158 2859 1291 2903 Nilum,
1324 2870 1395 2893 non
1428 2862 1554 2893 contra
1587 2858 1692 2892 facit:
1727 2857 1806 2891 vult,
1839 2858 1934 2890 enim
1967 2857 2011 2890 ad

321 2916 500 2950 invehere
518 2927 640 2951 vocem
659 2920 775 2960 ayris
794 2918 928 2952 audiri:
956 2929 1027 2952 non
1045 2929 1121 2953 esse
1141 2922 1241 2953 certa
1258 2922 1432 2961 tempora,
1452 2917 1581 2959 quibus
1600 2917 1805 2960 Euphrates
1823 2916 2011 2950 abundans

318 2974 489 3017 pinguem
526 2975 661 3010 faecem
694 2978 793 3021 agris
825 2976 946 3011 illinat
978 2979 1073 3012 sic-ut
1106 2977 1221 3020 Nilus,
1266 2981 1308 3011 ut
1339 2976 1582 3020 agricolarum
1615 2986 1723 3019 opera
1753 2977 1857 3017 quasi
1890 2986 2011 3018 super-

318 3043 478 3067 vacanea
504 3035 588 3068 sint.
