2180 3482
566 229 619 263 De
645 230 815 273 pericopa
840 240 953 272 paene
980 229 1118 264 ultima.
1170 230 1222 264 De
1249 241 1280 264 v.
1303 230 1369 264 100
1751 233 1805 271 75

119 337 312 394 loquitur
335 338 389 380 de
411 334 714 378 sacerdotibus
738 334 811 390 qui
842 334 923 376 sibi
955 351 1048 379 rem
1081 351 1250 378 sacram
1283 335 1440 377 facturi
1474 335 1578 377 sint:
1613 335 1656 377 id
1689 336 1807 390 quod

119 409 164 451 in
186 408 290 450 illud
313 420 491 450 carmen
515 404 680 461 optime
704 406 903 461 quadrat.
952 406 1099 462 Atque
1122 407 1513 462 Hyperboreorum
1547 405 1642 448 sine
1674 404 1806 447 dubio

120 478 284 535 pariter
321 477 365 519 in
397 476 535 520 Aetiis
574 476 845 518 mentionem
886 476 1009 519 fecit:
1060 477 1202 518 nullos
1249 476 1366 519 enim
1405 476 1511 518 alios
1552 475 1807 518 Callimachi

123 549 271 603 elegos
302 547 508 591 novimus
540 546 625 588 nisi
658 549 709 589 τὰ
742 549 870 589 Αἴτια
905 550 946 588 et
982 546 1166 589 Comam
1193 546 1432 598 Berenicis,
1466 546 1516 587 fr.
1547 548 1627 587 188
1660 547 1807 588 autem

121 621 399 675 pentameter
422 619 486 660 est
512 619 767 672 (τέρπουσιν
789 618 975 673 λιπαραὶ
1001 618 1167 672 Φοῖβον
1190 618 1484 672 ὀιόσφαγίαι).
1520 616 1634 657 Ν11111
1658 618 1807 658 tamen

119 689 190 732 hic
222 703 377 732 versus
410 688 464 729 ad
488 688 679 730 eundem
700 687 928 730 Aetiorum
951 687 1110 729 librum
1133 687 1391 730 referendus
1415 686 1483 738 511,
1517 686 1698 728 dubium
1722 688 1805 728 est:

121 759 434 815 Hyperboreos
469 758 585 801 enim
610 758 906 800 Callimachus
938 759 978 800 h.
1004 758 1048 799 in
1081 758 1176 800 Del.
1202 773 1242 800 v.
1268 760 1352 799 278
1368 772 1462 813 sqq.
1496 755 1603 799 fecit
1633 756 1807 807 Delum,

121 845 210 873 non
241 829 440 885 Delphos
473 843 598 871 sacra
630 843 708 870 sua
740 828 928 870 mittere.
987 827 1172 870 Accedit
1205 828 1323 883 quod
1355 830 1593 884 τέρπουσιν
1624 828 1810 883 λιπαραὶ

124 902 289 957 Φοῖβον
323 903 590 955 ὀννοσφαγίαι
632 901 723 940 tam
764 913 853 940 non
895 898 1102 941 distincte
1141 898 1258 940 dicta
1296 900 1412 949 sunt,
1455 899 1504 938 ut
1543 896 1722 939 difficile
1755 895 1811 938 sit

123 971 177 1014 ad
210 971 477 1013 credendum
507 969 565 1011 illi
588 969 735 1013 versui
758 969 803 1010 in
827 983 877 1011 eo
902 968 1096 1011 carmine
1120 969 1270 1011 sedem
1292 967 1442 1019 fuisse,
1475 967 1520 1008 in
1543 981 1630 1023 quo
1653 966 1809 1023 Apollo

124 1041 286 1098 primas
318 1044 469 1097 partes
503 1040 641 1096 egerit
658 1040 697 1093 ¹).

239 1112 310 1163 At,
345 1111 505 1154 dixerit
537 1110 768 1166 quispiam,
803 1109 1019 1165 siquidem
1042 1108 1302 1164 Apollonius
1324 1122 1487 1151 nomen
1520 1106 1724 1150 draconis
1756 1107 1811 1150 ab

122 1186 287 1235 Αἰτίοις
319 1181 520 1238 sumpsit,
555 1181 660 1237 quid
691 1180 778 1223 iam
800 1179 983 1236 impedit
1010 1179 1244 1235 quominus
1268 1178 1499 1234 opinemur
1522 1192 1622 1220 eum
1650 1178 1812 1234 pariter

123 1256 271 1296 cetera
314 1266 429 1308 quae
472 1252 658 1307 praebet
698 1251 801 1293 inde
840 1249 1179 1306 deprompsisse,
1218 1250 1435 1304 hymnum
1480 1248 1525 1290 in
1562 1248 1812 1304 Apollinem

122 1337 180 1366 ne
211 1322 458 1379 inspexisse
492 1321 683 1378 quidem,
724 1321 799 1377 qui
836 1321 1024 1363 fortasse
1063 1320 1133 1363 illo
1172 1323 1373 1375 tempore
1404 1333 1461 1362 ne
1494 1319 1684 1375 scriptus
1717 1318 1811 1375 qui-

124 1395 222 1437 dem
265 1393 409 1436 esset?
471 1392 542 1444 At,
589 1393 624 1434 si
661 1392 758 1448 quis
790 1391 852 1434 ita
884 1390 1130 1447 disputarit,
1165 1390 1432 1446 speciosiora
1470 1404 1602 1445 quam
1640 1389 1813 1433 veriora

125 1465 372 1508 concludet.
436 1464 549 1505 Nam
600 1463 705 1504 illud
757 1462 1034 1518 potissimum
1086 1461 1137 1503 iis
1190 1461 1264 1517 qui
1311 1460 1592 1517 Apollonium
1642 1460 1810 1515 legunt,

125 1534 361 1578 offensioni
394 1538 473 1586 est,
514 1548 602 1590 qua
641 1533 812 1576 ratione
845 1547 900 1576 ex
934 1533 1134 1575 oratione
1167 1531 1345 1587 obliqua
1377 1531 1421 1572 in
1454 1533 1620 1573 rectam
1652 1530 1811 1586 impro-

125 1606 218 1650 viso
252 1604 503 1657 deflexerit,
544 1604 587 1646 id
627 1604 746 1660 quod
779 1618 801 1646 e
833 1602 1099 1646 narrationis
1138 1601 1439 1657 aetiologicae,
1481 1615 1595 1657 quae
1627 1615 1715 1643 uno
1748 1603 1838 1643 te-·

124 1690 232 1719 nore
270 1675 435 1731 scripta
473 1675 540 1727 511,
586 1674 833 1717 imitatione
874 1673 1083 1730 explicari
1115 1687 1205 1715 non
1240 1675 1398 1728 potest,
1444 1671 1596 1726 hymni
1631 1685 1687 1713 ex
1720 1670 1812 1712 imi-

124 1747 293 1790 tatione
330 1746 471 1802 repeti
512 1745 643 1788 etiam
683 1745 828 1788 debet.
865 1770 916 1775 -—
951 1745 1011 1787 Ut
1048 1744 1182 1799 igitur
1214 1757 1305 1786 rem
1340 1741 1491 1798 paucis
1525 1742 1812 1797 comprehen-

125 1819 239 1870 dam,
280 1816 576 1860 Callimachus
608 1816 818 1872 pericopa
858 1830 990 1872 quam
1024 1814 1336 1870 disceptamus,
1380 1826 1559 1856 carmen
1592 1812 1812 1868 quoddam

125 1903 266 1937 suum,
305 1891 355 1930 ut
387 1888 511 1940 solet,
550 1890 670 1930 tecte
701 1887 870 1939 laudat3
913 1886 1174 1941 Apollonius
1206 1884 1251 1926 in
1282 1884 1448 1939 Argon.
1473 1884 1513 1925 Π
1546 1899 1586 1926 v.
1616 1885 1698 1924 705
1718 1897 1811 1938 sqq.

125 1958 444 2015 componendis
487 1961 531 2001 et
567 1958 687 2000 hunc
721 1956 977 2000 Callimachi
1015 1957 1160 1998 locum
1194 1958 1238 1998 et
1270 1954 1374 1996 illud
1407 1968 1585 1996 carmen
1618 1951 1815 2008 respexit

125 2033 258 2087 atque
290 2029 486 2071 imitatus
520 2032 598 2072 651.

246 2099 327 2144 100
359 2101 510 2143 Πυθώ
545 2113 568 2142 6
599 2098 779 2141 1101111116
811 2098 931 2140 111·1)15
964 2097 1207 2154 delphicae,
1251 2111 1341 2138 non
1379 2095 1582 2138 draconis
1615 2094 1686 2138 vel
1719 2094 1814 2135 dra-

126 2185 291 2216 caenae
323 2170 571 2214 derivatum
605 2184 785 2221 censeo;
818 2184 923 2211 nam
955 2182 1103 2224 neque
1134 2167 1233 2210 talis
1265 2167 1393 2209 huius
1426 2165 1616 2208 nominis
1648 2164 1816 2207 formae

125 2243 213 2285 ulla
235 2244 302 2285 est
328 2241 431 2284 alibi
457 2242 558 2285 vola
590 2243 666 2283 aut
698 2239 949 2295 vestigium,
985 2242 1029 2282 et
1060 2241 1256 2282 κατιόντι
1295 2237 1668 2293 complementum
1691 2234 1817 2291 quasi

124 2312 323 2370 requirit3
357 2312 514 2368 Apollo
548 2311 666 2354 enim
699 2311 857 2353 dicitur
889 2311 943 2352 de
974 2308 1178 2351 Phocidis
1211 2307 1435 2350 montibus
1468 2307 1523 2349 ad
1555 2307 1709 2348 urbem
1741 2306 1815 2348 de-

126 2383 350 2426 scendisse
395 2383 466 2426 vel
507 2381 653 2438 potius
692 2381 737 2423 in
769 2381 886 2423 illam
920 2380 1079 2424 vallem
1113 2379 1206 2423 sive
1239 2381 1403 2434 νάπην,
1459 2377 1534 2419 ubi
1566 2377 1816 2432 Pythonem

124 2453 365 2510 peremisse
412 2453 676 2495 narrabatur
725 2451 818 2504 (cfr.
850 2451 1167 2507 prolegomena
1213 2449 1269 2491 ad
1312 2448 1491 2490 Pindari
1536 2448 1665 2502 Pyth.
1698 2449 1815 2498 7,17

124 2524 347 2576 Drachm.,
381 2523 633 2578 Hesychius
666 2538 698 2565 s.
726 2538 767 2566 v.
797 2523 953 2575 Τοξίου
978 2523 1157 2576 βουνός)
1171 2519 1215 2574 2).
1264 2519 1412 2575 Atque
1435 2521 1605 2561 certum
1630 2517 1817 2559 fortasse

127 2593 382 2637 Callimachi
421 2592 653 2636 consilium
695 2591 1085 2648 deprehendimus:
1143 2589 1361 2645 Pythonis
1400 2589 1517 2631 enim
1549 2601 1713 2630 nomen
1746 2600 1816 2629 ea-

126 2664 226 2707 dem
263 2665 318 2706 de
356 2678 489 2707 causa
527 2662 686 2707 vitavit
724 2677 812 2719 qua
850 2661 1018 2704 Niobae
1056 2674 1220 2703 nomen
1264 2659 1308 2701 in
1353 2673 1401 2701 re
1445 2673 1570 2701 sacra
1614 2656 1818 2699 facienda

243 2794 269 2838 ¹)
295 2794 338 2828 In
370 2794 538 2835 carmine,
574 2797 617 2828 ut
649 2794 704 2826 ita
737 2793 863 2836 dicam,
901 2790 1061 2834 delphico
1100 2789 1323 2824 restituendo
1350 2789 1485 2832 partim
1511 2786 1665 2822 Rauchii
1701 2785 1818 2831 (Aitia

125 2852 186 2887 des
211 2852 459 2887 Kallimachos
485 2851 653 2897 [Rastatt
679 2851 799 2895 1860])
828 2851 985 2894 vestigia
1011 2852 1165 2891 secutus,
1204 2849 1338 2891 partim
1373 2847 1487 2881 eidem
1514 2846 1702 2880 oblocutus
1728 2854 1815 2879 sum.

242 2911 269 2955 ²)
296 2912 413 2946 Huius
438 2921 563 2946 versus
589 2912 809 2945 sententiam
835 2912 932 2943 recte
959 2910 1196 2951 perceperunt
1220 2905 1523 2948 Prcller-Robert,
1550 2904 1681 2949 griech.
1702 2903 1816 2946 Myth.

126 2969 144 3004 I
161 2970 240 3004 241.
267 2990 310 2994 —
337 2969 513 3013 Exempla
539 2970 741 3004 accusativi
767 2970 843 3003 sine
869 2968 1138 3012 praepositione
1156 2976 1237 3001 cum
1254 2965 1372 3000 verbis
1394 2975 1485 3007 quae
1502 2967 1640 2998 motum
1657 2963 1819 2997 indicent

127 3029 311 3063 coniuncti
337 3028 465 3063 afferre
490 3028 581 3063 nihil
607 3038 695 3071 opus
721 3031 786 3062 est.
