2180 3482
672 262 726 296 De
752 260 936 305 Eurypylo
963 266 1000 296 et,
1025 263 1249 306 Argonautis
1725 267 1804 307 127

117 383 220 412 nem
253 367 398 410 influit
437 381 550 423 quae
596 381 717 409 nunc
749 366 1037 423 Tripolitania
1078 372 1280 421 vocatur,
1330 373 1422 413 tum
1454 372 1688 427 Asbystae,
1732 375 1807 430 qui

119 439 299 493 (Herod.
316 438 376 481 IV
394 439 490 492 170)
513 439 627 493 ὑπὲρ
652 439 866 493 Κυρήνης
890 439 1120 480 οἰκέουσιν.
1170 440 1292 482 Haec
1326 441 1368 482 in
1403 443 1654 496 praesentia
1679 444 1805 488 levia.

120 535 173 539 —
213 507 472 565 Apollonius
510 521 615 550 vero
655 507 802 549 omnia
841 507 1094 562 permiscet:
1135 513 1285 552 narrat
1329 511 1445 553 enim
1490 513 1566 566 (IV
1597 516 1680 555 529
1694 518 1807 571 sqq.)

120 579 329 635 Pythium
367 577 514 620 Iasoni
552 578 661 620 duos
700 577 896 632 tripodes
935 578 1136 630 donasse,
1177 580 1251 635 qui
1290 581 1364 622 ubi
1397 585 1611 624 terrarum
1646 585 1807 626 consti-

119 652 364 700 tuerentur,
398 648 515 690 illam
547 647 776 703 regionem
809 648 863 690 ab
896 648 1096 690 hostibus
1120 664 1293 705 semper
1314 651 1553 694 immunem
1577 652 1682 696 fore.
1736 655 1808 696 Al-

120 723 263 762 terum
307 718 525 774 tripodem
570 720 689 772 (nam
732 718 837 774 quid
878 719 1016 761 altero
1059 718 1224 761 factum
1268 720 1335 773 sit,
1379 722 1433 763 ad
1474 723 1590 764 hanc
1632 724 1809 779 quidem

121 789 426 846 quaestionem
458 788 565 830 nihil
604 788 782 843 attinet)
823 788 991 831 Tritoni
1030 790 1243 832 donatum
1282 805 1398 844 esse;
1439 807 1555 844 nam,
1597 808 1697 835 cum
1729 795 1809 836 Ar-

121 862 345 915 gonautae
387 859 463 911 (IV
503 862 738 915 1537sqq.)
782 859 949 902 exitum
1000 874 1022 902 e
1064 861 1224 915 palude
1266 861 1491 905 Tritonide
1533 863 1605 905 diu
1648 864 1811 908 frustra

123 929 461 987 quaesivissent,
490 930 669 986 Orphea
700 929 781 971 illis
815 930 1100 985 persuasisse,
1135 934 1182 972 ut
1215 931 1387 987 tripode
1419 933 1474 975 de
1497 933 1598 977 navi
1622 935 1810 978 demisso

123 1001 229 1043 deos
260 1000 481 1055 indigetas
513 1001 754 1055 placarent.
819 1000 919 1042 Illos
953 1014 1057 1043 vero
1092 1001 1290 1056 paruisse
1326 1002 1500 1058 tripode
1538 1004 1581 1045 in
1622 1019 1698 1047 ora
1737 1020 1811 1048 ex-

125 1070 281 1127 posito,
346 1071 457 1112 Tum
500 1070 727 1113 Tritonem
769 1071 1027 1126 apparuisse
1072 1071 1337 1127 glebamque
1381 1074 1633 1128 porrexisse
1677 1089 1814 1131 seque

125 1144 329 1197 paratum
363 1141 615 1183 exhibuisse
647 1141 729 1183 iter
757 1140 972 1191 indicare,
1013 1143 1106 1182 tum
1141 1141 1262 1184 exitu
1292 1145 1536 1186 monstrato
1567 1159 1614 1187 se
1642 1145 1814 1201 tripode

124 1214 309 1267 accepto
352 1212 497 1254 denuo
537 1211 579 1252 in
624 1211 829 1266 paludem
863 1211 1141 1254 immersisse.
1182 1238 1236 1242 —
1277 1212 1455 1264 Quanta
1492 1213 1668 1257 inscitia
1703 1217 1815 1259 haec

126 1284 313 1324 consuta
355 1281 456 1333 sint,
500 1281 733 1337 apparebit
774 1282 999 1324 Herodoto
1044 1285 1087 1324 et
1128 1283 1425 1338 Lycophrone
1468 1285 1638 1328 collato.
1704 1287 1815 1329 Nam

126 1351 201 1408 qui
253 1355 437 1394 narrant
489 1352 709 1408 tripodem
761 1367 786 1394 a
835 1352 986 1407 Libyis
1038 1353 1227 1395 celatum
1280 1368 1394 1409 esse,
1444 1355 1501 1396 illi
1545 1356 1816 1400 confitentur

126 1422 311 1477 Libyam
345 1422 416 1465 vel
455 1425 576 1465 certe
608 1422 724 1464 illam
757 1422 925 1477 Libyae
959 1426 1129 1479 partem
1164 1423 1344 1466 Graecis
1376 1439 1522 1481 neque
1556 1427 1815 1482 promissam

126 1506 274 1548 neque
307 1506 564 1535 concessam
598 1507 707 1535 esse.
771 1492 1030 1548 Apollonius
1062 1496 1213 1536 tamen
1252 1497 1486 1551 utramque
1524 1496 1719 1540 fabulam
1758 1499 1818 1542 ita

128 1562 453 1618 conglutinavit
486 1566 532 1604 ut
565 1563 742 1619 utrique
776 1578 954 1606 sensum
978 1563 1103 1619 quasi
1126 1565 1334 1607 demeret.
1388 1566 1445 1608 At
1468 1566 1645 1610 Pindari
1668 1569 1837 1625 copias.

129 1648 307 1689 quoquo
340 1634 470 1675 modo
504 1633 546 1675 in
583 1648 709 1676 suum
743 1649 870 1676 usum
905 1637 1166 1677 convertere
1198 1635 1357 1687 voluit,
1393 1636 1498 1692 quin
1533 1638 1664 1680 etiam
1697 1639 1817 1682 illum

129 1706 220 1746 tam
262 1703 440 1747 incaute
478 1707 658 1760 tamque
701 1704 858 1747 inscite
890 1704 1085 1747 imitatus
1119 1708 1185 1748 est
1218 1709 1266 1747 ut
1298 1721 1389 1749 non
1422 1707 1507 1749 iam
1540 1723 1676 1751 unum
1711 1724 1817 1752 eun-

129 1774 320 1830 demque
364 1775 644 1830 Eurypylum
689 1778 730 1817 et
776 1775 1002 1818 Tritonem
1050 1775 1135 1817 dici
1182 1777 1338 1819 callide
1383 1777 1695 1832 dissimularet,
1742 1782 1819 1823 sed

128 1844 295 1888 faceret
323 1845 549 1888 Tritonem
577 1859 624 1888 se
646 1846 925 1902 Eurypylum
958 1846 1135 1899 dixisse,
1176 1862 1263 1903 quo
1297 1848 1371 1891 vix
1406 1849 1642 1905 quicquam
1675 1851 1819 1893 minus

131 1915 311 1971 elegans
344 1915 589 1971 excogitari
621 1919 780 1972 potest.

250 1986 446 2042 Apparet
469 1987 745 2029 Herodotum
769 1987 948 2030 alterius
971 1987 1147 2030 fabulae
1181 2002 1278 2031 esse
1310 1992 1469 2032 testem
1502 2005 1639 2032 unum
1665 1992 1820 2047 genui—

131 2071 251 2109 num,
291 2057 632 2112 Lycophronem
672 2072 779 2101 vero
818 2058 874 2100 ab
913 2072 963 2101 eo
1003 2058 1266 2114 proximum.
1332 2059 1416 2111 Qui
1460 2060 1589 2102 istam
1628 2061 1821 2105 fabulam

132 2127 379 2183 conposuit,
414 2127 610 2170 Graecus
644 2130 775 2183 poeta
807 2128 902 2184 ipse
941 2128 1125 2171 credidit
1164 2144 1393 2185 nunquam
1427 2130 1606 2174 Graecis
1647 2146 1821 2175 succes-

132 2212 282 2240 surum
313 2200 361 2239 ut
394 2197 535 2253 Libya
567 2198 832 2254 potirentur:
882 2198 1100 2255 tripodem
1143 2214 1249 2242 vero
1284 2200 1450 2255 Libyae
1491 2202 1617 2257 regni
1661 2203 1823 2258 pignus

131 2268 332 2311 invenire
365 2270 414 2311 ἐν
447 2270 682 2322 ἀδυνάτοις
713 2268 850 2312 fuisse
882 2269 1231 2324 intellegendum
1265 2273 1343 2313 est.
1379 2270 1465 2323 Qui
1496 2272 1606 2315 haec
1638 2272 1822 2326 invenit,

132 2338 258 2382 novit
291 2338 485 2381 Graecos
518 2339 682 2382 frustra
714 2339 891 2396 saepius
923 2339 1110 2395 Libyam
1143 2340 1213 2383 vel
1247 2344 1366 2384 certe
1399 2342 1571 2397 paludis
1600 2343 1824 2387 Tritoniae

132 2408 262 2452 litora
300 2408 345 2451 in
385 2424 509 2451 suam
547 2409 766 2452 dicionem
806 2410 1008 2465 redigere
1050 2413 1233 2453 conatos
1276 2425 1384 2454 esse.
1448 2411 1506 2453 At
1545 2412 1620 2468 qui
1658 2413 1824 2470 primus

133 2479 333 2523 narravit
370 2479 545 2534 glebam
584 2495 609 2522 a
641 2481 722 2522 deo
762 2480 930 2535 Libyae
968 2480 1164 2536 indigete
1202 2482 1385 2524 Medeae
1424 2496 1680 2525 concessam
1714 2498 1824 2536 esse,

135 2549 329 2605 speravit
362 2549 487 2593 brevi
511 2550 766 2605 Cyrenaeos
790 2550 906 2593 illam
929 2550 1156 2605 regionem
1179 2554 1317 2593 totam
1341 2551 1386 2593 in
1413 2566 1537 2594 suam
1559 2556 1825 2608 potestatem

136 2634 232 2663 esse
271 2621 528 2663 redacturos
544 2621 585 2672 ¹).
619 2646 673 2651 ——
714 2621 882 2663 Primas
921 2621 965 2662 in
1002 2621 1152 2663 fabula
1192 2622 1447 2665 Herodotea
1485 2626 1632 2678 partes
1671 2624 1825 2667 Triton

136 2690 338 2733 sustinet.
402 2691 511 2734 Inde
556 2691 855 2747 consequitur,
902 2694 949 2733 ut
994 2692 1271 2747 Eurypylus,
1318 2707 1408 2735 non
1453 2693 1606 2736 Triton
1650 2695 1826 2749 glebam

136 2760 406 2816 Argonautis
439 2761 672 2804 tradidisse
703 2761 844 2818 primo
877 2764 1082 2804 narratus
1116 2762 1182 2803 sit.

255 2831 486 2888 Reliquom
515 2835 595 2885 est,
628 2836 677 2874 ut
700 2847 978 2888 quaeramus,
1012 2835 1111 2874 utra
1144 2847 1198 2875 ex
1231 2833 1297 2874 his
1330 2833 1489 2876 fabulis
1515 2834 1733 2877 vetustior
1758 2835 1824 2877 sit.

138 2901 263 2954 Quae
302 2903 501 2958 quaestio
534 2903 714 2946 minime
754 2903 894 2946 facilis
936 2906 1003 2945 est
1044 2904 1099 2945 ad
1140 2904 1414 2947 solvendum.
1480 2905 1525 2946 Si
1564 2905 1680 2947 enim
1723 2920 1826 2948 con-

257 2998 283 3041 l)
314 2997 508 3039 Hucusque
539 3008 619 3032 cum
650 2997 825 3033 Maltenio
852 2997 899 3042 (p.
922 2998 988 3031 1:26
999 2997 1088 3042 sqq.)
1122 2998 1158 3031 in
1184 2998 1364 3041 plerisque
1389 3000 1584 3043 consentio,
1611 3000 1672 3041 qui
1690 3001 1826 3043 prImus

139 3054 227 3089 haec
253 3059 350 3090 recte
376 3055 592 3090 enucleavit.
