2180 3482
483 942 530 1017 Ι.
582 942 676 1015 De
712 944 958 1031 hymno
996 942 1065 1012 in
1100 941 1485 1030 Apollinem.

252 1110 351 1151 Non
383 1123 408 1150 a
435 1108 618 1163 singulis
652 1107 805 1150 ordine
833 1107 1033 1150 versibus
1066 1106 1410 1162 interpretandis
1438 1106 1644 1158 ordimur,
1672 1120 1828 1150 verum

135 1180 349 1222 nonnulla
390 1180 444 1222 de
484 1179 693 1222 universa
731 1178 860 1220 huius
900 1177 1105 1220 carminis
1138 1176 1459 1233 compositione
1493 1177 1827 1233 praemittimus,

133 1265 221 1306 qua
238 1250 321 1292 nisi
339 1249 618 1305 aliquatenus
637 1252 756 1291 certe
772 1251 1019 1304 perspecta,
1039 1248 1213 1303 singula
1231 1247 1454 1303 explicare
1470 1262 1561 1290 non
1578 1262 1829 1303 possumus,

132 1335 279 1376 neque
311 1324 462 1363 tamen
495 1320 643 1362 omnia
675 1320 824 1361 statim
851 1318 975 1361 initio
1004 1318 1188 1375 exsequi
1214 1318 1259 1359 in
1287 1318 1432 1360 animo
1461 1321 1540 1370 est,
1576 1319 1653 1360 sed
1686 1333 1828 1374 pauca

133 1391 178 1433 in
224 1391 477 1447 praesentia
522 1404 717 1442 monere,
767 1404 881 1446 quae
929 1389 1034 1431 satis
1083 1389 1170 1431 sint
1219 1389 1274 1430 ad
1320 1389 1700 1444 interpretationis
1746 1388 1831 1431 iter

132 1462 434 1504 muniendum.

250 1532 406 1574 Primis
438 1532 640 1575 versibus
662 1531 878 1587 Apollinis
901 1532 1115 1586 templum
1139 1530 1276 1573 oculis
1300 1530 1527 1583 subicitur,
1553 1530 1597 1572 in
1622 1546 1709 1586 quo
1733 1530 1827 1586 ipse

133 1603 241 1645 deus
273 1618 377 1644 mox
410 1603 642 1645 adfuturus
677 1606 755 1645 est.
808 1602 893 1653 Qui
919 1601 1127 1657 loquitur,
1163 1615 1186 1644 e
1218 1616 1402 1644 numero
1437 1601 1607 1656 piorum
1642 1604 1721 1653 est,
1756 1601 1833 1657 qui'

133 1674 263 1716 deum
291 1676 573 1729 exspectant3
601 1676 791 1715 testatur
818 1672 935 1715 enim
963 1675 1019 1727 (v.
1036 1670 1073 1723 l)
1102 1686 1149 1715 se
1177 1671 1434 1727 conspicere
1462 1672 1671 1724 lauream,
1697 1672 1829 1714 etiam

132 1747 275 1786 totum
313 1744 527 1799 templum
567 1743 763 1795 concuti3
805 1742 899 1798 ipse
939 1757 994 1785 ex
1028 1743 1164 1785 altero
1198 1742 1362 1798 pariter
1394 1743 1449 1785 de
1481 1743 1611 1784 turba
1644 1743 1829 1799 quaerit,

132 1828 283 1857 nonne
306 1815 496 1870 palmam
520 1817 677 1856 nutare
702 1813 877 1867 viderit,
900 1813 994 1869 ipse
1019 1818 1075 1865 (v.
1089 1815 1129 1867 5)
1155 1828 1346 1868 cycnum
1380 1813 1565 1856 sublime
1595 1816 1830 1856 canentem

133 1885 273 1937 audit,
292 1884 387 1941 ipse
405 1887 630 1940 portarum
649 1885 862 1939 repagula
886 1887 929 1926 et
951 1883 1069 1927 fores
1094 1884 1309 1939 patefieri,
1336 1885 1644 1927 adulescentes
1672 1898 1831 1927 canere

133 1958 177 1998 et
209 1956 370 1998 saltare
401 1956 604 1997 hortatur
638 1957 695 2008 (v.
716 1956 862 2010 6—8).
917 1955 975 1996 Hi
1006 1958 1157 1997 tamen
1190 1954 1416 2010 aliquanto
1444 1958 1545 2010 post
1573 1955 1704 1997 etiam
1736 1959 1831 1997 tum

133 2030 252 2068 stant
291 2029 335 2068 et
372 2028 541 2078 tacent;
581 2026 727 2068 denuo
768 2025 885 2068 enim
925 2028 983 2080 (v.
1024 2025 1090 2077 12)
1130 2025 1247 2068 idem
1288 2028 1413 2081 optat
1445 2028 1494 2067 ut
1527 2026 1582 2067 ad
1616 2025 1829 2068 citharam

132 2100 296 2139 canant
328 2099 370 2139 et
410 2097 584 2139 saltent.
648 2097 700 2139 V.
745 2097 796 2141 16
838 2096 966 2138 iussis
1009 2097 1388 2152 obtemperarunt,
1436 2097 1672 2139 laudantur
1713 2097 1829 2140 enim

133 2168 251 2223 quod
282 2167 394 2210 fides
425 2167 513 2209 iam
544 2182 635 2209 non
662 2167 832 2210 sileant.
872 2168 991 2209 Dum
1018 2167 1101 2210 iste
1127 2168 1257 2209 homo
1286 2167 1383 2222 pius
1412 2182 1451 2210 v.
1470 2166 1520 2211 17
1550 2182 1644 2223 sqq.
1673 2168 1831 2210 recitat

131 2238 397 2294 turbamque
427 2241 579 2280 monet
611 2241 659 2279 ut
697 2237 1048 2280 adulescentium
1075 2237 1344 2279 carminibus
1370 2237 1531 2292 linguis
1557 2237 1720 2290 faveat,
1760 2238 1830 2280 isti

132 2309 218 2351 iam
245 2308 458 2350 citharam
485 2312 528 2351 et
555 2323 707 2351 arcum
729 2308 944 2365 Apollinis
970 2309 1166 2360 laudant,
1194 2311 1243 2350 ut
1270 2308 1400 2351 docet
1426 2309 1544 2360 illud,
1571 2309 1688 2364 quod
1710 2323 1830 2351 mare

132 2378 242 2431 silet,
277 2379 381 2420 dum
414 2379 539 2421 aoedi
572 2380 683 2422 haec
716 2379 983 2422 carminibus
1017 2381 1330 2434 prosecuntur3
1374 2379 1460 2421 iam
1488 2379 1677 2434 primum
1710 2383 1753 2435 ἰὴ
1786 2383 1829 2435 ἰὴ

131 2455 300 2505 παιῆον
333 2453 475 2501 sonat,
515 2464 618 2492 nam
651 2450 803 2492 Thetis
836 2450 994 2492 dicitur
1029 2454 1085 2499 (v.
1121 2449 1175 2492 20
1210 2454 1290 2505 sq.)
1325 2449 1540 2491 ululatum
1573 2449 1828 2505 reprimere,

133 2520 500 2576 quotiescumque
541 2520 634 2562 illas
668 2534 802 2563 voces
835 2534 982 2562 sacras
1016 2519 1247 2562 audiverit.
1311 2520 1352 2561 Is
1384 2519 1519 2575 igitur
1552 2520 1627 2575 qui
1658 2520 1830 2571 recitat,

133 2592 266 2633 choro
291 2591 529 2643 auscultat,
553 2591 607 2632 ad
631 2590 752 2632 chori
770 2591 907 2634 verba
930 2591 1067 2633 verba
1085 2604 1164 2632 sua
1181 2590 1387 2646 applicat.
1422 2591 1474 2633 V.
1490 2591 1543 2634 25
1562 2590 1649 2632 iam
1668 2592 1828 2633 chorus

134 2661 240 2703 illud
267 2665 311 2717 ἰὴ
338 2665 382 2717 ἰὴ
408 2667 576 2717 παιῆον
602 2661 751 2715 iterat;
780 2661 878 2717 pius
906 2661 1023 2704 enim
1050 2661 1122 2703 ille
1144 2661 1319 2703 turbam
1342 2664 1482 2716 rogat,
1506 2664 1554 2703 ut
1577 2661 1671 2703 illas
1695 2676 1827 2704 voces

132 2735 322 2774 resonet.
386 2732 495 2774 Inde
528 2746 633 2775 vero
681 2732 807 2788 quasi
844 2732 1026 2787 ignarus
1068 2734 1111 2774 et
1143 2731 1309 2775 invitus
1343 2732 1397 2773 ad
1430 2732 1581 2774 laudes
1615 2731 1830 2786 Apollinis

132 2801 386 2857 singillatim
413 2802 698 2857 explicandas
732 2801 963 2853 delabitur,
998 2805 1046 2843 ut
1070 2802 1202 2844 choro
1226 2802 1313 2843 iam
1335 2816 1425 2844 non
1459 2802 1689 2844 auscultet.
1743 2802 1831 2844 Sed

134 2888 174 2915 v.
195 2873 263 2924 80,
299 2887 399 2915 cum
428 2874 483 2915 ad
507 2887 680 2915 sacrum
708 2874 827 2929 quod
853 2873 924 2915 illo
952 2872 1022 2915 die
1049 2873 1357 2915 celebrabatur
1384 2873 1679 2915 enarrandum
1707 2872 1831 2928 quasi

134 2941 316 2985 fortuito
349 2943 618 2999 pervenerit,
653 2958 800 2986 sacras
833 2943 926 2985 illas
960 2957 1094 2985 voces
1127 2946 1170 2999 ἰὴ
1199 2947 1243 2999 ἰή
1276 2958 1427 2984 rursus
1459 2943 1594 2994 audit,
1628 2957 1653 2985 a
1685 2942 1832 2998 pueris

135 3012 305 3055 scilicet
321 3013 650 3069 pronuntiatas3
674 3028 822 3070 neque
846 3013 963 3056 enim
987 3012 1112 3056 aliter
1132 3012 1263 3056 facile
1286 3013 1546 3069 explicatur,
1566 3014 1683 3070 quod
1701 3014 1831 3056 deum

208 3093 369 3128 Pasquali‚
391 3095 605 3127 Quaestiones
625 3094 872 3122 Callimacheae.
1602 3085 1620 3117 1
