2180 3482
573 260 710 303 Cyrene
735 262 858 293 utrum
882 259 1044 294 thessala
1070 270 1116 293 an
1142 260 1279 302 libyssa
1304 260 1416 293 fuerit
1758 260 1831 299 101

266 365 411 408 Adicit
443 379 499 408 ex
531 367 661 421 Κύρη
695 364 920 407 ethnicum
953 365 1166 421 Κυρηνός
1199 365 1259 406 ita
1292 364 1539 407 derivatum
1575 377 1685 414 esse,
1730 365 1779 403 ut
1814 377 1839 404 a

150 437 226 493 Δίη
265 436 437 492 Διηνός,
485 435 587 478 inde
635 449 740 478 vero
789 437 978 477 accentu
1026 438 1216 477 retracto
1265 435 1385 476 urbis
1430 447 1593 476 nomen
1634 435 1836 489 Κυρήνη.

149 506 367 562 Equidem
400 505 617 548 confiteor
653 519 725 548 me
757 520 846 547 non
888 505 1077 560 assequi,
1121 520 1208 560 qua
1241 505 1410 547 ratione
1442 506 1559 546 hanc
1591 503 1838 545 doctrinam

150 579 193 618 et
225 576 355 628 illam,
400 590 533 632 quam
566 589 709 631 nuper
747 575 964 630 redargui,
1008 575 1133 631 quasi
1176 590 1263 617 una
1304 578 1438 630 atque
1480 574 1632 616 eadem
1676 575 1838 624 essent,

150 647 301 689 ambas
340 661 428 689 uno
467 646 704 690 verborum
748 646 982 701 complexu
1023 645 1257 688 Maltenius
1297 648 1504 700 exponat.
1569 644 1766 695 Quarum
1805 643 1839 684 si

150 718 335 759 alteram
386 716 636 772 recipimus,
686 716 868 759 alteram
915 716 1069 758 falsam
1121 730 1218 758 esse
1259 729 1444 758 11666556
1487 717 1553 756 651
1594 714 1838 755 credamus.

150 788 403 842 Utcumque
446 790 595 829 autem
639 786 682 828 id
722 790 801 838 est,
851 786 885 827 si
924 786 1204 827 Eustathium
1246 790 1303 840 (p.
1345 787 1443 836 280,
1483 786 1554 838 35)
1601 798 1700 825 cum
1743 783 1840 824 Ste-

148 858 296 914 phano
329 872 361 899 5.
391 873 433 903 v,
463 857 541 900 Δία
571 860 614 900 61
637 856 741 900 Δίον
765 856 1181 912 comparaverimus,
1212 857 1266 898 ad
1298 870 1407 911 quas
1435 855 1505 897 ille
1527 855 1710 908 relegat,
1752 853 1839 894 iam

150 927 342 971 elucebit
363 928 549 983 Διηνούς
581 927 701 970 cives
735 927 854 969 urbis
887 927 932 968 in
960 926 1216 981 Coelesyria
1247 925 1418 981 positae
1450 925 1696 980 appellatos
1730 937 1838 965 esse.

148 997 296 1054 Atque
328 997 373 1039 in
404 997 662 1040 universum
695 997 859 1039 frustra
891 996 1070 1039 ethnica
1101 996 1226 1038 istius
1260 995 1410 1037 suffixi
1444 996 1570 1051 -ηνός
1598 994 1691 1036 sive
1714 996 1842 1045 -ανός

150 1082 234 1123 ope
256 1067 433 1110 formati
459 1072 741 1123 quaerentur,
775 1066 857 1108 nisi
884 1066 930 1108 in
956 1066 1060 1108 Asia
1088 1066 1433 1121 (Λαμψακηνός,
1468 1064 1841 1120 Ἀδραμυττηνὸς,

151 1138 505 1194 Ἀλαβανὸηνός,
538 1139 850 1193 Περγαμηνός,
884 1138 1137 1192 Παριανὸς)
1172 1138 1216 1178 61
1247 1135 1293 1176 111
1325 1134 1513 1176 Τ111·3613
1540 1135 1840 1189 (Σαλυμβρια-

149 1210 240 1261 νός,
282 1208 573 1264 Καρδιανός).
639 1207 756 1259 Quid
795 1206 959 1262 igitur‘?
1015 1206 1112 1262 quis
1159 1205 1245 1248 iam
1294 1205 1513 1261 spondeat
1554 1204 1626 1246 illa
1667 1203 1845 1246 ethnica

151 1292 314 1334 graeca
347 1292 457 1330 esse,
492 1292 679 1334 quorum
712 1277 757 1319 in
791 1276 978 1320 Graecia
1008 1291 1066 1319 ne
1099 1275 1290 1331 vestigia
1322 1275 1499 1332 quidem
1534 1274 1783 1330 supersint?

269 1348 420 1405 Atqui,
453 1348 557 1391 licet
589 1351 727 1390 testes
758 1347 937 1390 fabulae
969 1348 1023 1390 de
1047 1346 1226 1402 Cyrena
1256 1346 1456 1401 nympha
1487 1344 1723 1400 cyrenensi
1745 1357 1843 1399 ger-

150 1419 271 1461 mani
315 1422 450 1476 atque
482 1418 663 1474 genuini
703 1418 790 1460 iam
829 1417 1053 1473 supersint
1092 1417 1211 1472 nulli,
1255 1416 1373 1468 licet,
1420 1415 1640 1471 quomodo
1680 1428 1843 1456 nomen

151 1490 376 1545 nymphae
409 1489 503 1532 sive
526 1488 645 1531 urbis
673 1503 773 1531 cum
796 1488 975 1530 nomine
998 1487 1134 1530 fontis
1158 1486 1429 1542 cyrenensiS,
1455 1486 1573 1542 quod
1594 1485 1678 1527 fuit
1699 1486 1843 1541 Κύρη,

153 1561 402 1612 cohaereat,
438 1562 557 1602 certo
591 1558 767 1601 definiri
799 1573 889 1601 non
922 1558 1074 1614 possit,
1108 1557 1154 1599 in
1187 1571 1284 1600 eam
1316 1560 1467 1599 tamen
1501 1555 1755 1611 opinionem
1776 1554 1842 1596 in-

154 1630 382 1683 clinamus,
428 1633 477 1672 ut
522 1629 824 1673 existimemus
857 1628 1129 1680 Maltenium,
1176 1628 1211 1670 si
1255 1642 1346 1670 non
1390 1626 1569 1669 omnino
1614 1628 1755 1677 recte,
1801 1610 1847 1666 at

152 1703 302 1743 tamen
352 1701 517 1744 rectius
566 1701 620 1742 de
665 1700 845 1755 Cyrena
890 1698 1109 1742 iudicasse
1158 1712 1291 1754 quam
1339 1697 1670 1740 Studniczkam.
1734 1695 1847 1737 Nam

153 1771 225 1814 fac
258 1771 469 1827 Cyrenen
500 1771 636 1814 fuisse
670 1771 798 1813 deam
829 1783 1036 1825 graecam
1069 1770 1140 1812 vel
1174 1771 1293 1811 certe
1326 1767 1620 1818 thessalicam,
1665 1781 1690 1808 a
1722 1764 1846 1808 cuius

153 1842 331 1885 nomine
364 1842 508 1885 6010111
530 1840 728 1884 Thessali
760 1841 915 1883 urbem
947 1840 993 1882 in
1025 1839 1167 1894 Libya
1199 1839 1421 1881 conditam
1455 1838 1767 1893 appellassent,
1800 1835 1845 1877 in

154 1912 440 1956 difficultates
471 1912 557 1954 iam
591 1911 825 1954 incidimus
857 1911 995 1953 multo
1028 1910 1229 1952 maiores.

274 1982 537 2026 Rectissime
576 1982 692 2026 enim
725 1981 962 2024 Maltenius
1002 1982 1060 2037 (p.
1086 1983 1141 2023 63
1155 1981 1269 2037 sqq.)
1310 1978 1632 2022 demonstravit
1672 1980 1848 2033 praeter

153 2054 268 2096 hanc
291 2053 514 2109 Cyrenem
537 2053 818 2096 thessalicam
852 2052 958 2094 alias
992 2052 1147 2095 eodem
1170 2051 1350 2093 nomine
1382 2049 1519 2092 fuisse
1550 2048 1705 2090 nullas.
1749 2047 1846 2099 Quo

154 2123 241 2166 iam
282 2124 574 2166 fundamento
617 2123 720 2166 freti
765 2122 1075 2165 contendimus
1116 2121 1222 2163 illud
1259 2135 1424 2163 nomen
1462 2133 1674 2175 graecum
1711 2117 1848 2160 101556

154 2195 264 2238 (1636
290 2194 471 2238 minime
493 2208 696 2250 graecae,
728 2197 915 2247 ποτνίας
937 2192 1127 2250 θηρῶνῗ)
1168 2192 1266 2234 Νο11
1290 2205 1406 2246 nego
1429 2190 1558 2232 facile
1580 2189 1675 2232 fieri
1702 2202 1846 2244 posse,

154 2268 203 2307 ut
235 2265 305 2308 dei
338 2265 567 2308 cuiusdam
599 2264 764 2308 vetusti
797 2263 988 2319 vestigia
1018 2277 1110 2305 non
1149 2261 1373 2319 supersint
1410 2261 1492 2302 nisi
1533 2274 1675 2316 pauca
1708 2273 1849 2314 eaque

153 2335 337 2388 incerta,
377 2335 510 2378 etiam
548 2338 596 2377 ut
628 2335 742 2377 illius
775 2334 986 2377 memoria
1017 2347 1197 2389 prorsus
1232 2334 1484 2383 evanescat,
1525 2331 1615 2382 sed,
1656 2329 1848 2386 quoties-

156 2420 347 2462 cumque
368 2407 454 2449 hoc
475 2406 643 2448 factum
667 2409 747 2457 est,
775 2405 891 2447 ultra
913 2403 1211 2460 suspicionem
1236 2402 1441 2457 progredi
1464 2416 1554 2444 non
1576 2400 1691 2443 licet.
1747 2399 1848 2445 Sed.

154 2479 205 2518 ut
225 2477 311 2519 hoc
332 2476 512 2518 missum
536 2475 764 2527 faciamus,
790 2474 896 2530 quin
921 2474 1051 2516 etiam
1077 2473 1203 2529 quasi
1226 2487 1304 2528 pro
1329 2475 1450 2515 certo
1475 2485 1699 2513 sumamus
1723 2470 1850 2512 deam

155 2546 435 2589 thessalicam
475 2546 684 2601 Cyrenen
727 2545 828 2587 olim
870 2544 1025 2596 fuisse,
1077 2558 1164 2599 qua
1206 2544 1260 2585 de
1303 2557 1436 2584 causa
1477 2541 1698 2584 Hesiodus
1738 2539 1850 2581 111105

156 2620 332 2673 raptum
369 2616 416 2658 in
453 2616 640 2672 Libyam
679 2615 840 2657 finxit?
894 2614 991 2666 Quo
1025 2613 1202 2657 vinculo
1236 2612 1378 2667 Libya
1410 2615 1453 2655 et
1487 2611 1713 2653 Thessalia
1746 2624 1849 2652 con-

155 2687 484 2743 iungebantur?
525 2687 657 2738 Sane,
692 2686 854 2728 dixerit
886 2684 1118 2741 quispiam,
1153 2683 1330 2738 Cyrene
1362 2683 1464 2724 olim
1495 2683 1669 2724 leonem
1701 2694 1850 2722 narra—

155 2758 287 2800 batur
318 2758 363 2800 in
397 2757 623 2800 Thessalia
655 2756 947 2807 interfecisse,
980 2758 1088 2805 tum,
1117 2768 1215 2796 cum
1244 2753 1364 2795 urbis
1392 2768 1418 2795 a
1440 2751 1607 2795 colonis
1630 2750 1850 2793 Thessalis

157 2828 270 2870 illius
311 2829 421 2871 deae
458 2828 640 2870 nomine
680 2827 957 2882 Cyrenarum
998 2825 1246 2880 appellatae
1284 2823 1426 2879 gloria
1462 2820 1730 2878 percrebuit,
1768 2820 1852 2862 fuit

157 2901 292 2955 poeta
322 2913 524 2954 graecus,
559 2898 635 2954 qui
667 2900 849 2941 caneret
871 2896 1114 2952 nympham
1142 2895 1196 2936 ab
1218 2893 1423 2950 Apolline
1450 2895 1621 2948 raptam
1643 2891 1689 2933 in
1712 2891 1853 2945 Libya

158 2968 219 3011 illi
250 2969 332 3012 deo
364 2968 618 3011 Aristaeum
656 2968 880 3023 genuisse,
929 2966 972 3008 id
1014 2968 1080 3008 est
1113 2964 1328 3020 originem
1362 2964 1617 3006 colonorum
1650 2959 1850 3004 thessali-

160 3053 257 3082 cam
289 3039 548 3083 vindicaret.
613 3038 672 3080 At
713 3038 871 3080 mirum
907 3039 1026 3080 esset
1062 3035 1216 3079 leones
1255 3049 1281 3078 a
1313 3032 1543 3077 Thessalia
1580 3032 1625 3075 in
1664 3032 1852 3088 Libyam
