2180 3482
319 247 373 285 2⁶2
956 242 1010 275 De
1035 241 1166 283 hymno
1192 240 1372 283 Apollinis

320 350 540 405 quandam
580 347 797 403 magicam
838 347 1103 403 peculiarem
1142 345 1304 388 nullius
1342 345 1411 388 dei
1449 345 1494 386 in
1528 345 1667 387 tutela
1707 344 1856 395 fuisse,
1900 344 2006 386 deos

320 419 527 462 inferiore
560 420 705 460 aetate
738 418 952 471 adiectos3
988 417 1106 473 quod
1138 430 1272 472 saepe
1303 416 1365 458 ita
1396 415 1562 458 factum
1596 429 1692 458 esse
1726 417 1912 456 constat.

436 560 679 615 Hucusque
703 558 996 601 Callimachus
1026 558 1179 600 laudes
1209 556 1424 612 Apollinis
1456 558 1716 611 prosecutus
1752 558 1857 607 erat,
1898 569 2007 611 quas

319 644 448 672 nemo
475 629 533 670 illi
566 630 828 684 deiiegaret3
877 629 989 670 mox'
1021 632 1247 683 pastorum
1280 628 1410 669 deum
1436 626 1685 682 Apollinem
1719 626 1850 677 canii,
1901 640 2006 681 qua—

322 700 375 741 lis
422 715 510 742 non
567 699 732 755 ubique
785 699 1022 741 colebatur.
1103 698 1250 753 Atque
1303 697 1417 739 forte
1469 696 1629 738 accidit
1680 699 1729 738 ut
1783 695 2008 751 religionis

319 770 534 826 Apollinis
582 769 725 812 Nomii
771 769 1033 812 thessalicae
1080 768 1248 809 nullum
1301 767 1417 809 aliud
1468 766 1768 809 'testimonium
1820 766 2009 822 supersit

322 845 497 897 praeter
538 841 657 882 hunc
697 840 840 895 ipsum
882 838 1137 882 Callimachi
1178 838 1336 880 locum.
1409 837 1525 889 Quin
1565 836 1696 879 etiam
1728 837 1846 879 intra
1879 836 2009 879 unius

321 910 616 966 Peloponnesi
663 910 776 952 fines
808 909 963 965 Apollo
998 908 1142 950 Nomii
1186 907 1366 950 nomine
1410 907 1643 951 invocatus
1689 910 1774 960 es'(;
1823 921 1927 949 nam
1964 907 2009 948 in

320 981 520 1033 Arcadia,
566 980 790 1037 Epidauri,
840 980 981 1022 Patris
1022 979 1134 1021 illius
1172 978 1408 1034 religiones
1447 978 1583 1020 fuisse
1621 977 1875 1020 'testimonia
1907 980 2011 1019 sunt

322 1052 480 1108 quibus
504 1053 831 1094 demonslre’tur
847 1051 887 1105 ¹),
912 1050 1014 1092 alibi
1036 1049 1171 1092 fuisse
1195 1052 1315 1092 certe
1338 1049 1534 1091 nondum
1562 1051 1749 1091 constat.
1784 1048 2009 1104 Olympio-

321 1124 452 1165 dorus
495 1121 690 1164 Platonis
733 1121 851 1164 vilae
894 1136 988 1177 cap.
1028 1124 1043 1162 1
1090 1123 1242 1162 narrat
1282 1120 1411 1162 huius
1456 1122 1665 1175 parentes
1712 1119 1757 1160 in
1796 1120 2009 1174 Hymetio

322 1193 431 1235 Pani
464 1196 507 1235 et
540 1191 757 1247 Nymphis
791 1195 833 1234 et
865 1191 1057 1248 Apollini
1089 1190 1245 1233 Nomio
1280 1190 1529 1232 sacrificare
1562 1189 1766 1233 voluisse.
1830 1189 1888 1231 At
1920 1203 2011 1231 non

319 1264 452 1318 longe
485 1263 539 1305 ab
573 1277 660 1304 uno
695 1277 749 1305 ex
782 1262 985 1317 Hymetii
1018 1261 1318 1303 cacuminibus
1352 1260 1396 1302 in
1430 1261 1641 1316 spelunca
1674 1262 1718 1302 et
1751 1259 1934 1302 donaria
1967 1262 2011 1302 et

323 1333 435 1375 tituli
459 1333 645 1375 inventa
667 1336 784 1384 sunt,
809 1347 832 1375 e
856 1332 1014 1388 quibus
1038 1331 1268 1373 didicimus
1291 1331 1407 1373 illam
1425 1331 1557 1373 Panis
1581 1333 1625 1373 et
1643 1331 1949 1386 Nympharum
1969 1332 2013 1372 et

323 1404 612 1456 Ἀπόλλωνος
653 1404 833 1459 ξἘρσου
874 1417 1043 1445 sacram
1084 1401 1234 1454 fuisse,
1279 1416 1370 1443 non
1403 1400 1609 1455 Nomii2);
1656 1400 1862 1457 proclivis
1905 1414 2011 1455 ergo

321 1475 578 1517 coniectura
596 1477 662 1516 est
680 1488 779 1516 eum
804 1473 947 1515 minus
966 1476 1173 1515 accurata
1190 1486 1382 1514 narrare.
1418 1472 1534 1514 Sane
1551 1471 1596 1513 in
1614 1471 1685 1514 illo
1705 1485 1840 1528 specu
1855 1471 2011 1527 Apollo

325 1560 423 1588 cum
463 1546 584 1587 Pane
624 1547 665 1587 ei
705 1544 923 1600 Nymphis
962 1543 1300 1586 consociabatur
1337 1546 1386 1585 ut
1424 1542 1607 1585 Nomius
1646 1542 1868 1597 Corcyrae
1912 1557 2012 1584 cum

324 1616 553 1672 NymphiS,
597 1615 828 1672 Apollonio
870 1615 1039 1657 Rhodio
1074 1615 1155 1669 (IV
1189 1616 1316 1668 1218)
1356 1614 1391 1656 si
1429 1614 1699 1657 credendum
1739 1615 1817 1656 esi.
1882 1613 2013 1656 Unde

322 1687 471 1730 nescio
499 1702 553 1729 an
580 1687 843 1729 concludere
865 1686 994 1729 liceat
1016 1687 1207 1728 Hersum
1231 1688 1458 1742 pastorum
1491 1685 1622 1727 deum
1653 1684 1789 1726 fuisse
1820 1683 2013 1740 hincque

323 1757 625 1814 Olympiochffi
679 1771 871 1800 errorem
922 1756 1051 1799 facile
1105 1755 1328 1812 explicari.
1413 1755 1542 1807 Quod
1595 1769 1699 1798 vero
1756 1753 2013 1810 Apollonius

323 1832 455 1885 poeta
494 1829 649 1871 doctus
688 1828 903 1884 templum
934 1827 1149 1883 Apollinis
1192 1826 1336 1869 Nomii
1376 1825 1598 1881 Corcyrae
1639 1825 1775 1867 fuisse
1807 1827 2012 1875 testatur,

324 1902 675 1942 consentaneum
719 1902 785 1941 esi
824 1898 940 1940 illam
979 1897 1238 1952 religionem
1276 1896 1379 1939 inde
1418 1895 1634 1951 originem
1674 1895 1852 1938 duxisse
1895 1895 2014 1937 unde

322 1969 441 2026 ipsos
475 1970 654 2012 colonos
689 1982 963 2024 corcymeos,
998 1983 1024 2010 a
1056 1967 1236 2011 civitate
1271 1967 1645 2023 peloponnesiaca
1672 1966 1898 2009 Corintho.
1957 1965 2015 2007 At

324 2040 543 2082 Hesiodus
582 2041 841 2083 Ἀπόλλωνα
882 2041 1070 2092 Νόμιον,
1111 2041 1160 2080 ui.
1194 2038 1374 2080 Servius
1407 2038 1462 2079 ad
1496 2037 1654 2092 Georg.
1679 2038 1697 2078 Ι
1725 2039 1777 2078 14
1808 2038 2013 2088 testatur,

323 2111 367 2153 in
391 2110 585 2153 carmine
604 2111 657 2153 de
673 2110 857 2152 heroina
873 2109 1109 2151 thessalica
1127 2108 1304 2164 Cyrena
1325 2108 1588 2159 nominarat,
1613 2122 1700 2164 quo
1720 2107 2014 2150 Callimachus

324 2181 565 2224 identidem
597 2181 643 2222 in
674 2182 760 2223 hoc
791 2181 957 2235 hymno
991 2179 1311 2222 conscribendo
1344 2178 1538 2230 utitu1*³).

442 2253 696 2307 Utcumque
725 2251 768 2292 id
800 2253 879 2303 est,
913 2249 1163 2306 Apollinem
1185 2249 1327 2292 Nomii
1362 2248 1542 2291 nomine
1565 2248 1754 2304 Cyrenis
1788 2248 2015 2291 excultum

325 2338 421 2366 esse
454 2337 509 2365 ex
542 2322 647 2378 ipsis
681 2321 937 2364 Callimachi
976 2321 1161 2364 vocibus
1201 2319 1457 2375 colligimus.
1518 2319 1630 2361 Nam
1653 2319 1706 2362 47
1744 2320 1909 2375 Φοῖβον
1941 2321 2016 2361 καὶ

324 2396 500 2447 Νόμιον
526 2393 823 2449 κικλήσκομεν
850 2392 962 2444 ἐξέτι
984 2395 1148 2443 κείνου,
1182 2390 1338 2446 inquit,
1372 2391 1488 2443 ἐξότ’
1511 2392 1583 2432 ἐπ’
1606 2391 1884 2446 Ἀμφρυσσῷ
1919 2390 2014 2443 ζευ-

324 2465 489 2520 γίτιὸας
521 2465 707 2519 ἔτρεφεν
739 2467 916 2516 ἵππους.
972 2462 1056 2514 Qui
1079 2475 1183 2505 vero
1218 2461 1343 2504 aliter
1374 2461 1481 2502 illud
1512 2462 1808 2516 κικλήσκομεν
1841 2460 2012 2502 intelle-

322 2534 367 2589 gi
399 2537 546 2590 potest
577 2534 659 2575 nisi
692 2534 746 2576 de
778 2533 908 2575 turba
940 2547 1054 2589 quae
1087 2532 1146 2574 illi
1178 2532 1259 2575 deo
1292 2546 1385 2574 rem
1418 2546 1589 2574 sacram
1620 2531 1740 2583 facit,
1782 2531 1836 2574 de
1873 2531 2010 2586 Cyre-

325 2604 476 2647 naeis‘?
538 2605 605 2646 Ita
638 2618 816 2660 prorsus
858 2603 1012 2659 hymni
1052 2602 1220 2660 orphici
1253 2616 1572 2658 saepenumero
1607 2602 1661 2644 ab
1694 2602 1766 2644 illo
1799 2601 2015 2645 vocabulo

444 2746 469 2790 ¹)
496 2746 595 2788 Quae
631 2745 782 2780 collecta
815 2748 901 2780 sunt
927 2756 948 2779 a
974 2745 1184 2779 Wernickio
1210 2744 1288 2778 PW
1307 2744 1343 2778 H
1362 2744 1422 2786 603
1458 2743 1591 2778 titulus
1624 2743 1832 2786 epidaurius
1858 2753 1953 2777 nunc
1979 2743 2017 2776 in

325 2805 375 2839 IG
393 2806 444 2840 IV
464 2815 610 2839 numero
637 2805 834 2848 insignit-us
861 2807 916 2838 est
944 2804 1043 2838 1080.

443 2864 469 2907 ²)
498 2864 567 2898 Cfr.
594 2874 685 2906 quae
711 2863 752 2897 de
779 2862 842 2897 illa
868 2863 1037 2906 spelunca
1064 2862 1285 2897 rettulerunt
1310 2862 1526 2903 Americani,
1554 2862 1672 2895 Amer.
1692 2861 1814 2895 Journ.
1834 2860 1869 2894 of
1898 2860 2016 2900 Arch.‚

326 2923 476 2957 alterius
502 2924 608 2957 seriei
631 2922 702 2958 VII
722 2922 822 2965 1903,
849 2932 881 2965 p.
902 2922 969 2956 263
988 2933 1062 2964 sqq.
1082 2922 1161 2956 271.
1180 2921 1249 2955 296
1267 2931 1341 2963 sqq.
1397 2920 1503 2955 Talia
1529 2921 1741 2964 cognomina
1768 2919 1891 2962 qualia
1927 2922 2017 2954 sunt

332 2981 523 3026 Ποίμνιος
550 2981 723 3022 Ναπαῖος
749 2980 893 3023 similia,
919 2991 990 3014 non
1017 2990 1193 3014 curamus.

443 3040 468 3086 ³)
497 3040 566 3074 Cfr.
588 3050 679 3083 quae
706 3039 747 3074 de
773 3040 994 3084 Cyrenarum
1020 3039 1220 3085 originibus
1244 3040 1281 3073 in
1307 3039 1427 3083 capite
1453 3037 1567 3072 altero
1594 3036 1868 3081 disputabimus.
