2180 3482
720 232 773 265 De
798 241 854 265 vv.
875 230 1024 273 51-54,
1051 230 1095 264 54
1114 240 1189 271 sqq.
1741 229 1795 267 27

113 357 189 393 νος
221 342 305 396 γάρ
336 356 399 392 τις
433 342 497 391 οἷς
520 339 768 380 ἀπόλλυσαι
801 335 890 387 (ubi
916 339 975 388 ὡς
998 335 1197 386 traditur,
1232 337 1295 387 οἷς
1328 349 1351 377 e
1384 334 1547 376 scholio
1579 335 1688 387 μετὰ
1719 338 1798 374 τοῦ

113 414 272 454 τέκνου
298 413 357 463 ὡς
389 414 594 465 ὕπαρνον
627 409 857 464 πρόβατον
889 405 1081 448 restituit
1113 406 1350 459 Hartung),
1386 419 1485 447 cum
1518 403 1607 445 filio
1640 402 1798 444 infanti

112 481 296 533 scilicet;
331 481 408 523 sed
431 478 606 534 saepius
630 477 836 533 antiquos
863 478 1016 532 poetas
1043 475 1114 517 illa
1146 489 1257 518 voce
1290 490 1391 517 usos
1425 489 1521 517 esse
1554 473 1798 528 colligimus

115 566 169 594 ex
212 550 409 606 Hesychi
454 550 602 604 glossa
644 552 846 604 ’ὕπαρνος
886 550 1068 602 ποίμνη·
1119 549 1258 602 ἄρνας
1303 548 1483 600 §zonam
1530 544 1633 586 illud
1681 543 1798 585 enim

112 626 312 678 ὕπαρνος
343 624 513 676 ποίμνη
546 633 692 675 neque
721 619 839 674 apud
869 617 1185 660 Callimachum
1218 630 1365 672 neque
1397 616 1514 671 apud
1543 614 1796 669 Euripidem

115 692 288 747 legitur.
350 690 572 747 Apollonii
605 689 648 730 in
688 688 829 731 lexico
869 689 987 744 quod
1023 692 1239 743 ὕπαρνος·
1289 689 1429 742 ἄρνας
1468 688 1632 740 ἔχουσα
1666 687 1715 727 ἐν
1746 689 1799 740 τῇ

111 766 264 819 γαστρί
294 761 467 817 legitur,
501 760 649 803 nescio
684 763 831 801 utrum
864 759 933 801 ille
968 759 1112 814 ipsum
1140 757 1361 813 Euripidis
1393 757 1538 799 locum
1571 770 1627 797 an
1660 758 1799 811 ἄρνας

112 835 287 888 ἔχουσα,
327 833 445 888 quod
479 830 694 874 vetustior
732 829 1046 885 grammaticus
1080 828 1340 884 scripsisset,
1390 842 1476 869 non
1512 825 1797 877 intellexerit,

113 918 251 946 unum
275 901 587 958 spoponderim
610 906 810 957 ὕπαρινος
842 900 1070 955 gravidam
1103 913 1331 954 nunquam
1365 897 1652 953 significasse.
1691 897 1799 950 Ety-

112 973 319 1029 mologici
350 972 500 1028 Magni
532 973 679 1027 glossa
716 974 988 1027 ὑπόρρηνον·
1028 974 1234 1026 ὕπαρνον
1274 971 1389 1022 (782,
1428 971 1494 1020 18)
1535 968 1800 1010 documento

113 1047 179 1087 est
212 1044 324 1086 illius
355 1043 545 1086 nominis
572 1041 825 1084 memoriam
858 1043 982 1083 tanto
1010 1039 1258 1083 recentiore
1291 1042 1437 1082 aetate
1469 1039 1665 1080 nondum
1699 1051 1800 1080 eva-

110 1115 281 1167 nuisse3
328 1128 476 1170 neque
522 1113 636 1156 enim
678 1112 938 1168 explicatur,
978 1125 1133 1155 verum
1172 1108 1554 1166 interpretamenti
1592 1109 1687 1150 loco
1727 1108 1801 1149 ad-

111 1185 298 1227 hibetur.
344 1211 393 1214 —
437 1184 493 1228 54
539 1185 828 1239 ὁιὸυμητόκος
876 1196 955 1237 pro
1003 1182 1290 1235 ὁιόυμοτόκος
1332 1183 1435 1222 ante
1470 1179 1800 1230 Callimachum,

113 1255 395 1298 Theocritum
421 1256 526 1306 125,
551 1253 802 1309 Philippum
829 1252 1271 1295 Thessalonicensem
1293 1251 1367 1293 ΑΡ
1391 1251 1451 1293 VI
1474 1253 1543 1302 99,
1568 1253 1592 1291 5
1617 1249 1801 1304 scripse-

113 1328 181 1368 rat
202 1327 468 1377 Hecataeus,
503 1325 538 1366 si
562 1325 790 1380 Stephano
815 1323 1032 1379 Byzantio
1067 1338 1099 1365 s.
1124 1338 1164 1366 v.
1190 1324 1347 1379 Ἀὁρία
1381 1321 1618 1373 credimus3
1654 1320 1803 1376 itaque

112 1397 222 1439 haec
255 1411 342 1440 vox
376 1410 431 1439 ex
465 1395 706 1451 exemplari
739 1394 864 1450 epico
897 1393 1095 1437 manavit
1110 1394 1151 1447 ¹).

228 1537 297 1579 Ab
319 1537 535 1593 Apollinis
561 1536 742 1589 artibus,
778 1550 892 1592 quae
923 1535 1031 1578 nulli
1058 1535 1327 1578 Graecorum
1354 1535 1535 1589 ignotae
1558 1536 1720 1585 essent,
1748 1535 1803 1576 ad

113 1608 334 1665 peculiare
368 1622 630 1663 cognomen,
666 1622 752 1663 quo
777 1606 965 1662 Cyrenis
997 1606 1303 1657 invocabatur,
1329 1605 1646 1648 Callimachum
1679 1621 1719 1648 v.
1747 1607 1802 1646 47
1832 1608 1839 1615 '

113 1683 441 1734 transgressum
483 1692 579 1721 esse
617 1678 703 1720 iam
742 1676 1071 1721 adnotavimus:
1114 1677 1231 1729 „Nos
1274 1677 1405 1718 deum
1437 1677 1614 1730 Νόμιον
1645 1675 1748 1718 inde
1780 1690 1805 1717 a

115 1749 369 1792 Thessalica
401 1749 572 1805 origine
604 1763 830 1800 vocamus,
863 1748 899 1790 is
932 1750 1133 1790 armenta
1157 1750 1310 1790 nostra
1335 1746 1464 1790 facile
1490 1746 1682 1789 fecunda
1706 1747 1803 1788 red-

113 1822 228 1863 dat.“
293 1821 397 1863 Mox
430 1834 534 1864 vero
569 1819 743 1862 simulat
776 1833 823 1862 se
855 1819 910 1861 ad
943 1818 1013 1861 dei
1045 1821 1184 1861 artem
1211 1833 1340 1874 quam
1365 1832 1495 1860 nemo
1518 1832 1609 1859 non
1632 1817 1806 1860 noverit

114 1891 300 1944 reverti3
340 1890 578 1947 improviso
611 1893 761 1932 tamen
795 1889 934 1932 oratio
968 1890 1023 1931 ad
1056 1889 1173 1931 aliud
1200 1887 1416 1945 Apollinis
1449 1901 1697 1943 cognomen
1731 1888 1803 1930 de-

112 1960 266 2013 flectit,
301 1962 419 2018 quod
451 1961 666 2017 Apollinis
700 1960 921 2016 Cyrenaei
953 1959 1179 2016 proprium
1212 1962 1297 2013 est;
1332 1959 1492 2002 deinde
1524 1959 1579 2001 ad
1610 1958 1804 2000 fabulam

116 2033 170 2075 de
204 2032 392 2088 Cyrenis
425 2031 625 2074 conditis.
690 2031 775 2074 Hic
806 2030 899 2074 fere
932 2030 1255 2073 sententiarum
1297 2044 1495 2073 conexus
1530 2029 1575 2071 in
1606 2030 1690 2071 hac
1713 2044 1804 2071 car-

118 2103 247 2145 minis
271 2106 397 2159 parte
421 2106 505 2145 est:
543 2102 834 2155 „Hominibus
855 2102 1012 2158 Apollo
1041 2102 1244 2157 exemplo
1267 2101 1363 2153 fuit,
1397 2104 1445 2143 ut
1473 2100 1676 2144 civitates
1703 2114 1805 2142 con-

114 2175 291 2217 derent:
332 2188 480 2230 neque
513 2173 630 2217 enim
665 2174 805 2216 solum
839 2172 1028 2216 conditis
1060 2172 1320 2224 delectatur,
1359 2186 1514 2215 verum
1547 2171 1679 2214 etiam
1712 2171 1806 2227 ipse

117 2245 206 2287 suis
244 2244 448 2287 manibus
486 2244 780 2287 fundamenta
816 2244 938 2297 iacit;
980 2243 1112 2286 etiam
1146 2243 1325 2286 omnino
1365 2245 1505 2285 artem
1543 2241 1807 2285 aedificandi

119 2315 304 2368 invenit,
338 2315 533 2359 omnium
563 2314 869 2371 antiquissima
901 2329 976 2357 ara
1002 2313 1103 2357 Deli
1135 2316 1375 2357 exstructa.
1430 2313 1668 2357 Civitatem
1701 2327 1806 2356 vero

116 2401 261 2429 meam
298 2401 388 2428 non
427 2389 601 2429 tantum
641 2385 863 2429 condendi
896 2388 1050 2428 auctor
1081 2384 1177 2437 fuit,
1217 2385 1295 2427 sed
1332 2384 1427 2440 ipse
1460 2398 1670 2440 praesens
1704 2398 1805 2426 con-

116 2456 244 2499 ditori
275 2457 421 2499 locum
454 2456 719 2500 monstravit
758 2457 941 2512 eiusque
981 2469 1095 2511 quae
1132 2455 1225 2497 fata
1262 2455 1412 2497 futura
1450 2457 1612 2507 essent,
1652 2454 1806 2498 vatici-

116 2530 247 2570 natus
281 2531 360 2580 est,
394 2541 542 2584 neque
573 2527 640 2570 ius
672 2527 907 2569 iurandum
940 2525 1163 2570 violavit.“
1228 2525 1376 2568 Facile
1409 2525 1674 2582 perspicitur
1707 2539 1806 2568 eum

120 2598 195 2654 qui
234 2598 411 2651 recitat,
455 2598 581 2655 quasi
621 2597 809 2640 inscium
851 2601 895 2641 et
941 2597 1129 2640 invitum
1176 2597 1230 2639 ad
1274 2597 1427 2639 laudes
1472 2610 1578 2638 suae
1617 2595 1808 2639 civitatis

117 2669 334 2721 recidere;
374 2669 482 2726 ipse,
517 2670 620 2711 dum
644 2669 871 2711 Phoebum
899 2667 1072 2711 urbium
1106 2667 1380 2710 conditorem
1412 2667 1615 2709 laudibus
1648 2666 1808 2709 efferre

115 2739 283 2796 incipit,
318 2740 443 2796 quasi
464 2740 607 2783 nescit
629 2754 675 2783 se
702 2754 830 2782 suum
856 2740 987 2782 deum
1022 2737 1290 2794 praedicare,
1324 2741 1418 2780 tum
1447 2737 1686 2793 improviso
1715 2736 1806 2779 ani-

117 2811 356 2854 madvertit
398 2811 563 2852 nullam
610 2811 765 2853 urbem
804 2809 992 2865 Cyrenis
1036 2808 1199 2851 rectius
1239 2808 1487 2865 Apollinem
1534 2807 1807 2850 conditorem

116 2879 336 2924 invocare.
386 2881 606 2925 Universa
638 2880 774 2924 totius
805 2880 890 2924 loci
923 2879 1183 2935 compositio
1216 2879 1314 2922 talis
1348 2882 1428 2931 est,
1462 2882 1511 2921 ut
1537 2894 1608 2922 vv.
1634 2881 1806 2920 55—65

237 3033 265 3076 l)
293 3031 365 3068 Gir.
387 3033 557 3078 Solmsen,
586 3034 909 3078 Untersuchungen
936 3044 1000 3067 zur
1025 3032 1272 3077 griechischen
1300 3033 1411 3066 Laut·
1437 3031 1510 3066 und
1536 3031 1724 3068 Verslehre
1751 3032 1805 3065 23.
