2180 3482
311 221 338 260 8
951 214 1004 247 De
1030 213 1160 256 hymno
1188 212 1366 255 Apollinis

310 341 349 366 τι
365 322 652 375 κοτέσσατοῙ).
670 347 723 350 -
745 321 784 363 5.
803 320 931 371 Quod
950 333 1065 360 unus
1084 332 1252 372 cycnus
1265 316 1293 369 ²)
1314 316 1359 358 in
1377 331 1478 360 aere
1497 331 1662 359 canens
1681 316 1868 367 auditur,
1888 318 2008 357 recte

313 394 367 435 ad
390 407 578 447 cycnum
604 390 818 446 Apollinis
842 404 1019 431 currum
1042 388 1293 430 trahentem
1321 387 1489 429 rettulit
1512 387 1732 429 Maltenus
1760 389 1818 442 (p.
1837 388 1927 440 43).
1953 412 2006 415 —

313 465 336 507 6
361 475 460 517 sqq.
487 462 615 514 Quod
637 475 727 503 non
751 461 890 502 solum
913 463 1141 513 κατοχῆες,
1164 457 1281 500 idem
1304 457 1472 499 scilicet
1495 457 1570 512 qui
1592 457 1854 512 plerumque
1882 459 2009 511 ὀχῆες

313 535 529 576 vocantur
555 532 835 587 „repagula“,
856 531 933 572 sed
955 530 1131 585 κληῖδες
1154 528 1277 584 ipsae
1298 527 1502 583 patefieri
1525 527 1745 579 iubentur,
1772 541 1861 569 vox
1885 528 2010 582 κληίς

313 618 402 645 non
422 617 496 645 eas
515 617 624 658 quas
645 603 845 654 „claves-⁴
867 614 1092 650 vocamus,
1112 599 1189 641 sed
1207 599 1399 640 claustra
1420 597 1466 639 in
1488 597 1748 640 universum
1767 596 2008 652 significat,

313 675 460 716 claves
485 673 599 715 enim
628 673 725 714 illae
752 671 1017 726 templorum
1044 668 1217 724 ingenti
1238 668 1545 723 magnitudine
1567 682 1658 710 non
1675 667 1832 723 inipso
1855 670 2011 722 portae

312 744 527 786 foramine
550 742 739 798 relinqui
756 744 976 798 poterant,
997 744 1043 782 ut
1067 753 1188 781 nunc
1211 739 1386 794 saepius
1408 738 1608 789 facimus,
1633 739 1710 780 sed
1733 753 1758 780 a
1781 738 2012 780 sacerdote

313 814 603 869 gestabantur
611 812 652 867 3).
678 813 834 867 Itaque
851 810 1146 853 Callimachus
1162 809 1280 850 illam
1295 822 1453 851 vocem
1468 808 1511 848 in
1529 821 1630 849 eum
1646 821 1823 850 sensum
1840 806 2012 862 accepit

314 899 446 940 quam
462 882 753 939 veriloquium
769 884 997 938 praestare
1012 880 1259 923 videbatur.
1288 879 1422 921 Fores
1438 878 1621 920 Medeae
1636 877 2012 919 incantationibus

315 969 362 998 se
396 957 555 1010 sponte
588 952 910 1008 patefacientes
944 949 1305 993 commemoravit
1332 948 1596 1004 Apollonius
1625 948 1685 990 IV
1703 950 1754 989 41
1791 953 1842 1005 τῇ
1870 949 1917 991 δὲ
1939 951 2012 990 καὶ

313 1027 553 1078 αὐτόματοι
579 1025 762 1080 θυρέων
792 1022 1005 1075 ὑπόειξαν
1039 1022 1167 1076 ὀχῆες
1195 1024 1372 1072 ὠκείαις
1406 1023 1600 1075 ἄψορροι
1634 1020 2011 1075 ἀναθρώσκοντες

314 1097 498 1148 ἀοιδαῖς,
533 1094 607 1136 ubi
635 1094 741 1135 illud
768 1097 975 1149 ἄψορρον
1004 1093 1392 1147 ἀναθρώσκοντες,
1424 1089 1731 1133 vehementius
1753 1089 1797 1131 id
1820 1088 2012 1145 quidem,

315 1166 444 1208 docet
475 1168 626 1207 tamen
660 1178 774 1220 quae
797 1163 864 1206 vis
889 1163 935 1204 in
960 1176 1010 1205 eo
1045 1162 1163 1218 quod
1188 1165 1254 1203 est
1282 1162 1608 1204 ἀνακλίνεσθαι
1630 1160 1781 1202 lateat.
1807 1185 1860 1188 —
1885 1160 2015 1211 Quod

316 1235 521 1279 vocativo
567 1235 639 1278 vel
686 1233 960 1276 nominativo
1008 1231 1202 1275 vocativi
1249 1231 1420 1274 vicibus
1467 1229 1674 1285 fungenti
1719 1229 2015 1272 Callimachus

315 1306 547 1348 articulum
581 1305 760 1356 addidit,
795 1318 1019 1346 sacrorum
1046 1302 1243 1357 linguam
1270 1301 1466 1344 imitatus
1499 1304 1584 1353 est,
1618 1303 1667 1342 ut
1693 1300 2015 1356 Aristophanes

319 1376 610 1431 Dicaeopolin
628 1374 978 1431 phallophoriam
996 1374 1291 1415 instruentem
1310 1372 1371 1414 ita
1393 1375 1475 1428 τὴν
1493 1375 1756 1428 κανηφόρον
1775 1371 2015 1413 allocutum

317 1461 414 1489 esse
436 1446 539 1489 fecit
566 1446 771 1500 (Acharn.
792 1461 832 1487 v.
854 1447 974 1496 252):
999 1445 1154 1500 πρόιθ’
1174 1446 1217 1496 ἐς
1235 1445 1284 1486 τὸ
1303 1444 1506 1499 πρόσθεν
1527 1444 1677 1498 ὀλίγον
1694 1445 1721 1498 ἡ
1744 1445 2015 1497 κανηφόρος,

318 1517 487 1559 Pariter
519 1516 770 1558 Alcibiades
814 1515 1076 1571 platonicus,
1121 1529 1220 1556 cum
1263 1514 1420 1567 (Conv.
1446 1529 1486 1569 p.
1513 1513 1649 1565 2181),
1694 1527 1827 1569 quem
1868 1513 2015 1555 locum

316 1588 462 1644 paullo
513 1587 714 1643 superius
760 1586 1053 1637 laudavimus)
1094 1599 1246 1628 servos
1284 1587 1435 1626 monet
1477 1587 1525 1626 ut
1571 1583 1758 1626 orationi
1802 1583 2017 1638 mysticae

320 1672 447 1701 aures
492 1659 717 1700 claudant:
760 1661 800 1700 οἱ
839 1659 887 1700 δὲ
927 1659 1091 1699 οἰκέται
1116 1691 1123 1699 .
1149 1690 1157 1698 .
1183 1693 1191 1700 .
1231 1656 1469 1709 πύλας...
1495 1661 1589 1708 τοῖς
1631 1657 1744 1697 ὠσὶν
1784 1655 2016 1698 ἐπίθεσθε.

319 1730 389 1771 Ex
432 1729 525 1785 ipso
566 1728 834 1771 Callimacho
879 1727 1177 1770 conferendus
1221 1727 1262 1768 h.
1298 1726 1336 1768 V
1363 1728 1419 1767 47
1460 1724 1642 1781 (pariter
1674 1724 1745 1767 dei
1777 1726 2019 1780 ἐπιφάνεια

319 1802 620 1856 exspectatur)
664 1802 861 1855 σάμερον
895 1803 939 1842 αἱ
973 1799 1112 1841 δῶλαι
1144 1800 1221 1850 τὰς
1255 1797 1478 1849 κάλπιδας
1515 1798 1576 1851 ἢ’ς
1611 1796 1864 1838 Φυσάδειαν
1906 1798 1932 1850 «ἢ
1974 1797 2019 1848 ἐς

316 1872 597 1925 Ἀμυμώναν
645 1874 794 1913 οἴσετε.
860 1869 984 1921 Quae
1031 1868 1242 1924 loquendi
1287 1867 1562 1909 consuetudo
1607 1866 1711 1908 inde
1757 1865 2017 1922 explicatur,

317 1942 448 1997 quod,
489 1940 563 1997 qui
601 1955 726 1982 sacra
763 1939 918 1996 praeit,
959 1938 1106 1982 officio
1150 1941 1193 1981 et
1235 1937 1499 1980 auctoritate
1542 1936 1700 1978 summi
1737 1935 2018 1992 imperatoris

316 2011 530 2067 fungitur,
582 2026 681 2053 cum
729 2010 922 2053 maxime
968 2009 1141 2052 intersit
1188 2008 1260 2050 illa
1300 2008 1383 2050 rite
1426 2007 1659 2059 celebrari3
1709 2007 2019 2062 magistratum

317 2097 421 2126 vero
456 2083 582 2125 decet
616 2081 798 2137 imperio
840 2095 917 2123 suo
952 2080 1174 2123 subiectos
1207 2079 1269 2121 ita
1300 2078 1463 2134 alloqui
1495 2081 1543 2120 ut
1577 2092 1700 2120 erum
1734 2076 1937 2129 servos4).
1964 2101 2019 2106 —

318 2154 360 2197 8.
407 2155 589 2208 μολπήν
637 2169 682 2195 τε
730 2155 802 2195 καὶ
851 2153 895 2205 ἐς
942 2154 1078 2207 χορόν
1125 2150 1186 2192 ita
1235 2149 1401 2192 dictum
1451 2152 1529 2201 est,
1586 2151 1635 2190 ut
1682 2147 1855 2204 scripsit
1902 2147 2017 2190 idem

321 2223 615 2267 Callimachus
650 2223 722 2272 (ab
756 2237 807 2265 eo
843 2222 959 2265 enim
994 2221 1248 2278 exemplum
1282 2219 1553 2276 quaerimus)
1586 2220 1822 2261 h.111243
1856 2219 2019 2274 ἔδραμε

437 2308 461 2349 1)
489 2306 608 2340 Multa
622 2306 755 2340 similia
770 2315 891 2339 omnes
907 2308 944 2339 et
958 2308 1087 2347 poetae
1103 2307 1139 2338 et
1153 2305 1357 2346 scriptores,
1373 2302 1531 2346 plurima
1545 2302 1735 2345 Euripides
1754 2301 2019 2344 suppeditabit;

316 2375 433 2408 pauc-a
468 2366 625 2399 enotavi.
686 2364 775 2398 Cum
808 2363 1020 2397 Callimachi
1045 2363 1097 2397 IV
1124 2362 1178 2405 60,
1206 2362 1273 2396 189
1306 2362 1366 2396 cfr.
1396 2362 1527 2395 Electr.
1556 2361 1598 2394 57
1627 2362 1671 2394 οὐ
1700 2361 1741 2404 δή
1771 2373 1803 2394 τι
1828 2361 1957 2405 χρείας
1983 2362 2020 2400 ἐς

318 2425 462 2458 τοσόνδ’
482 2426 692 2469 ἀφιγμένω
712 2433 791 2457 cum
810 2423 846 2456 H
865 2423 908 2456 21
928 2422 988 2456 cfr.
1009 2421 1177 2456 Androm.
1198 2421 1290 2454 1145ὶ
1308 2421 1521 2466 ἐφθέγξατο
1537 2421 1663 2454 δεινόν
1682 2432 1715 2453 τι
1734 2420 1797 2452 καὶ
1816 2419 2017 2464 φρικῶδες;

318 2493 397 2517 cum
423 2483 474 2517 IV
501 2483 568 2516 244
595 2482 654 2516 cir.
684 2481 814 2516 Electr.
851 2481 940 2515 1105
978 2483 1041 2515 καὶ
1072 2481 1142 2525 γὰρ
1174 2481 1245 2524 οὐχ
1272 2482 1389 2521 οὕτως
1416 2479 1511 2524 ἄγαν
1544 2481 1663 2523 χαίρω
1691 2491 1735 2520 τι,
1774 2479 1916 2519 τέκνον,
1943 2480 2020 2518 τοῖς

322 2543 566 2587 δεδραμένοις
591 2543 690 2586 ἐμοί.

436 2600 462 2645 ²)
491 2600 543 2634 De
570 2610 680 2643 cyeno
706 2599 886 2642 Apollinis
912 2600 1077 2634 ministro
1104 2599 1165 2633 cfr.
1192 2599 1245 2634 IV
1270 2599 1324 2632 49.

437 2659 463 2704 ³)
482 2659 535 2693 De
553 2659 736 2703 repagulis
752 2662 788 2693 et
803 2658 964 2692 clavibus
982 2658 1197 2701 templorum
1213 2657 1274 2691 cfr.
1290 2656 1401 2700 Diels,
1416 2657 1594 2690 Parmem.
1611 2656 1676 2689 117
1692 2665 1778 2698 sqq.,
1793 2654 2021 2696 potissimum

322 2719 405 2760 1283
434 2722 513 2752 tum
538 2717 632 2752 Berl.
661 2717 906 2760 Sitzungsber.
936 2717 1037 2760 1908,
1065 2717 1108 2751 27
1137 2727 1211 2759 sqq.

436 2777 464 2820 ⁴)
492 2777 561 2811 Cfr.
589 2787 680 2818 quae
708 2776 749 2809 de
781 2777 997 2810 nominativi
1032 2786 1112 2809 cum
1144 2775 1298 2809 articulo
1332 2773 1515 2808 coniuncti
1547 2783 1614 2807 usu
1645 2773 1683 2806 in
1717 2773 1878 2806 vocativi
1903 2771 2021 2805 locum

322 2835 475 2870 adhibiti
502 2835 704 2878 disputavit
722 2834 999 2878 Wackernagel,
1027 2834 1162 2868 Antike
1189 2833 1480 2875 Anredeformen,
1510 2842 1664 2874 prooem.
1681 2830 1848 2874 Gotting,
1864 2841 1895 2864 a.
1917 2830 2020 2872 1912,

319 2905 352 2937 p.
371 2893 466 2928 8²10.
485 2914 519 2918 —-
537 2894 629 2927 Toto
650 2893 747 2927 caelo
767 2893 948 2926 diversum
967 2896 1021 2927 est
1040 2893 1129 2927 illud
1149 2892 1397 2936 Xenophontis
1415 2892 1499 2925 inst.
1521 2891 1602 2934 Cyr.
1617 2891 1650 2925 V
1668 2890 1700 2931 3,
1720 2890 1764 2923 42
1783 2888 2022 2933 ἐπιμέλεσθε

321 2953 359 2986 δὲ
377 2957 441 2986 τοῦ
453 2956 577 2996 σιωπῇ
592 2952 825 2996 πορεύεσθαι
841 2953 879 2985 οἵ
891 2964 927 2985 τε
942 2952 1119 2995 ἄρχοντες
1137 2953 1200 2985 καὶ
1214 2952 1350 2991 πάντες
1365 2953 1400 2983 οἱ
1415 2953 1715 2994 σωφρονοῦντεςς
1731 2947 1908 2982 articulus
1927 2947 2021 2982 em'm

320 3010 452 3045 idcirco
480 3011 636 3054 additur,
663 3014 704 3044 ut
730 3011 908 3055 ἄρχοντες
934 3021 952 3044 e
978 3011 1172 3054 participio
1198 3020 1326 3044 nomen
1353 3009 1624 3043 substantivum
1649 3007 1728 3042 fiat.
