2180 3482
421 249 512 291 Quid
540 248 730 283 Cretenses
757 252 793 283 et
818 248 981 283 Insulani
1007 249 1184 291 pristinae
1210 249 1353 283 fabulae
1380 249 1586 283 addiderint
1770 250 1847 289 107

161 356 272 398 latos
307 368 423 407 esse3
471 354 551 396 hos
584 355 740 408 postea
772 367 913 409 usque
946 355 1200 395 Tartessum
1234 353 1422 397 venisse.
1480 354 1702 396 Theraeos
1743 366 1849 396 vero

161 425 370 481 plurimos
404 424 584 466 colonos
617 423 815 465 Plateam
847 423 1018 466 misisse
1050 425 1182 466 Batto
1216 424 1340 466 duce.

280 495 377 547 Quo
411 493 626 537 Corobius
665 493 856 545 relictus,
899 493 1022 535 cibus
1056 493 1281 546 deficiens,
1325 495 1627 549 exploratores
1660 494 1850 534 Theram

160 565 339 617 reversi,
389 564 524 607 Samii
564 564 760 606 Plateam
799 563 931 605 delati
977 564 1243 619 pertineant,
1293 564 1440 606 statim
1489 564 1654 615 elucet;
1703 577 1850 618 neque

161 636 278 678 enim
310 635 391 677 illis
428 634 623 677 inventis
655 634 805 676 fabula
847 637 1036 689 augetur
1078 637 1153 676 aut
1195 638 1448 686 exornatur,
1492 648 1646 677 verum
1679 636 1849 675 certum

161 706 325 762 aliquid
365 705 604 761 quaeritur,
647 708 695 747 ut
735 704 956 760 Cyrenaei
995 705 1070 761 qui
1109 719 1156 747 se
1195 706 1339 748 Thera
1380 708 1499 747 ortos
1541 703 1848 759 profiteantur,

160 776 330 828 Samiis,
381 775 455 832 qui
491 776 652 830 phylae
692 781 783 818 τῶν
814 781 1049 832 νησιωτῶν
1092 775 1301 831 adscripti
1342 775 1442 826 sint,
1489 773 1708 817 beneficio
1742 773 1849 814 obli—

159 850 332 901 gentur.
398 845 710 901 Consequitur,
751 848 800 887 ut
840 846 1036 887 Insulani
1079 847 1195 888 hanc
1236 845 1412 888 fabulae
1455 848 1626 900 partem
1667 844 1849 887 invene-

159 916 259 958 rint.
318 916 478 972 Atque,
514 919 790 972 quantopere
822 916 1018 957 Insulani
1051 915 1238 958 maiores
1271 930 1373 958 suos
1407 915 1682 970 Cyrenarum
1714 913 1849 955 histo-

158 986 247 1029 riae
295 987 478 1029 fabulari
528 986 753 1029 insinuare
801 986 1063 1038 studuerint,
1113 986 1246 1028 etiam
1285 1000 1309 1028 e
1345 985 1473 1027 titulo
1513 984 1666 1026 rhodio
1708 998 1851 1039 nuper

159 1057 323 1113 publici
365 1057 470 1098 iuris
502 1057 620 1099 facto
654 1056 886 1112 colligitur.
950 1057 1001 1097 In
1035 1057 1370 1098 anathematum
1403 1055 1520 1098 enim
1553 1054 1851 1110 descriptione

158 1142 272 1183 quae
305 1127 407 1170 olim
440 1127 485 1168 in
517 1127 682 1182 templo
706 1126 935 1169 Minervae
968 1125 1220 1168 exstiterint
1254 1126 1323 1177 (II.
1349 1125 1467 1168 enim
1500 1140 1537 1167 a.
1563 1125 1664 1168 Chr.
1688 1140 1730 1166 n.
1755 1138 1850 1167 sae-

159 1198 258 1240 culo
293 1200 486 1240 exeunte
518 1198 590 1240 vel
621 1198 651 1238 I.
686 1197 870 1239 ineunte
902 1197 1114 1252 pleraque
1152 1196 1238 1238 iam
1275 1196 1517 1252 perierant)
1551 1196 1716 1238 donum
1749 1195 1849 1237 Lin-

157 1267 329 1310 diorum
361 1270 630 1319 recensetur,
672 1266 746 1323 qui
780 1281 881 1309 cum
913 1268 1044 1309 Batto
1079 1266 1278 1322 Cyrenas
1312 1266 1607 1309 condiderint:
1656 1267 1693 1307 B
1727 1267 1849 1320 109²)

156 1339 356 1381 Λινδίων
401 1342 469 1381 τοὶ
505 1340 615 1391 μετὰ
654 1343 744 1381 τῶν
776 1340 979 1393 Πάγκιος
1017 1339 1196 1381 παίδων
1229 1339 1453 1394 Κυράναν
1492 1336 1736 1390 οἰκίξαντες
1769 1340 1851 1379 σὺν

157 1412 354 1462 Βάττωι;
402 1411 497 1450 tum
530 1408 669 1452 verba
700 1409 927 1461 nonnulla,
971 1423 1085 1464 quae
1117 1409 1316 1451 nondum
1350 1407 1557 1450 extricari
1587 1409 1848 1463 potuerunt;

158 1482 253 1521 tum
306 1479 351 1521 in
403 1493 535 1523 versu
588 1479 793 1535 sequenti
846 1479 1109 1535 Ἡρακλεῦςς
1167 1481 1261 1521 tum
1314 1478 1466 1535 paucis
1517 1477 1664 1521 verbis
1716 1477 1849 1519 inter-

156 1550 312 1601 missis,
348 1564 463 1606 quae
495 1549 662 1606 pariter
692 1549 779 1605 legi
806 1564 896 1592 non
926 1549 1111 1605 possint,
1147 1552 1216 1606 ἐφ’
1245 1552 1309 1592 ὧν
1333 1549 1394 1602 (id
1417 1552 1483 1591 est
1505 1548 1550 1590 in
1573 1547 1715 1602 donis)
1749 1550 1849 1590 ἐπε-

156 1623 393 1677 γέγραπτο·
433 1621 632 1663 Λινδίων
665 1624 733 1663 τοὶ
763 1623 874 1674 μετὰ
915 1626 1007 1663 τῶν
1038 1622 1240 1675 Πάγκιος
1281 1621 1461 1663 παίδων
1501 1620 1724 1675 Κυράναν
1762 1619 1849 1660 κτίὲ

158 1691 349 1747 σ[αν]τες
382 1694 462 1734 σὺν
497 1691 734 1746 [Β]ά[ττωι]
772 1690 1016 1733 Ἀθαναίαι
1050 1694 1125 1733 καὶ
1157 1690 1370 1747 Ἡρακλεῖ
1403 1691 1646 1745 [ὁ]εκάταν;
1690 1688 1849 1731 deinde

155 1776 306 1804 rursus
347 1761 532 1805 vocibus
570 1761 844 1813 intermissis,
891 1776 1005 1817 quae
1037 1776 1158 1803 nunc
1189 1761 1315 1817 peius
1349 1763 1525 1804 servata
1556 1762 1673 1812 sunt,
1717 1773 1849 1815 quam

156 1835 203 1874 ut
237 1831 325 1887 legi
358 1832 541 1888 possint,
578 1836 637 1885 ὥς
671 1848 775 1887 φατι
798 1834 1055 1888 Ξεναγόρας
1090 1833 1170 1887 [ε’]ν
1204 1832 1295 1887 [τῶι
1318 1824 1356 1874 ΣΙ
1388 1832 1478 1886 τᾶς]
1512 1835 1722 1887 χρονικοῖς
1748 1846 1848 1874 συν-

155 1903 319 1956 τάξιος.
382 1903 647 1958 Xenagoras
681 1903 858 1959 quando
893 1902 1037 1954 fuerit,
1081 1917 1171 1945 non
1214 1901 1393 1945 omnino
1434 1904 1605 1944 certum
1643 1904 1728 1953 est3
1772 1901 1850 1943 sed

155 1972 324 2016 idoneis
366 1974 420 2016 de
460 1973 603 2015 causis
635 1973 671 2015 is
705 1972 779 2028 qui
810 1972 987 2015 titulum
1031 1972 1179 2024 edidit,
1230 1972 1508 2015 Christianus
1547 1971 1850 2025 Blinkenberg

156 2057 257 2085 eum
289 2044 363 2086 IV.
398 2058 435 2085 a.
467 2043 568 2086 Chr.
593 2058 635 2085 n.
665 2044 840 2086 saeculo
874 2042 1010 2085 fuisse
1044 2042 1286 2085 contendit.
1336 2043 1372 2084 E
1404 2041 1532 2084 titulo
1564 2041 1699 2097 igitur
1731 2041 1847 2083 colli-

154 2113 300 2168 gimus
324 2114 456 2156 etiam
489 2116 587 2169 post
612 2113 827 2156 Herodoti
854 2116 1048 2156 aetatem
1081 2112 1316 2169 (siquidem
1349 2127 1404 2155 ex
1428 2112 1642 2155 Herodoti
1675 2111 1847 2154 silentio

155 2183 393 2240 quicquam
435 2185 701 2227 concludere
739 2185 858 2236 licet.)
893 2184 1126 2226 Insulanos
1165 2183 1325 2225 fabulis
1363 2182 1480 2225 fictis
1513 2182 1735 2225 studuisse
1768 2181 1847 2224 sibi

154 2253 249 2296 iura
300 2254 344 2296 in
391 2255 591 2310 Cyrenas
629 2254 874 2308 vindicare,
925 2254 1032 2310 quin
1072 2254 1205 2297 etiam
1247 2253 1441 2296 Rhodios
1481 2252 1764 2296 contendisse
1802 2266 1849 2294 se

155 2325 200 2366 in
232 2325 351 2367 Batti
385 2325 604 2367 sociorum
636 2339 820 2368 numero
854 2325 1003 2367 fuisse.

272 2396 428 2451 Neque
462 2395 639 2438 Corobii
671 2395 854 2437 historia
893 2410 992 2437 cum
1030 2395 1098 2436 his
1138 2409 1252 2450 quae
1290 2395 1579 2450 praecedunt,
1626 2394 1846 2436 cohaeret.

156 2466 267 2507 Nam
301 2480 437 2521 quare
460 2466 648 2508 Theraei
671 2466 850 2508 Cretam
883 2466 1061 2508 demum
1093 2465 1307 2517 miserint,
1343 2464 1418 2521 qui
1450 2464 1505 2506 de
1527 2463 1669 2519 Libya
1700 2463 1847 2506 scisci-

154 2538 367 2587 tarentur,
423 2536 588 2592 pariter
641 2536 745 2592 quid
793 2537 901 2578 urbe
951 2536 997 2577 in
1051 2535 1194 2577 insula
1235 2536 1388 2578 Platea
1434 2534 1613 2577 condita
1658 2534 1846 2577 Corobio

154 2605 322 2648 factum
355 2606 424 2659 sit,
459 2606 623 2648 frustra
654 2606 903 2662 requiritur.
952 2605 1190 2649 Corchium
1223 2605 1298 2661 qui
1330 2605 1374 2646 in
1406 2606 1523 2647 hanc
1554 2604 1748 2647 fabulam
1781 2604 1846 2646 in-

154 2677 367 2729 troduxit,
403 2677 689 2720 Cretensibus
715 2676 883 2732 Libyae
915 2675 1069 2718 incolis
1096 2675 1373 2731 gratificatus
1401 2678 1480 2727 est,
1515 2678 1650 2731 atque
1681 2674 1847 2730 pariter

155 2760 202 2788 se
224 2746 269 2788 in
290 2747 547 2790 narratione
570 2748 880 2803 componenda
909 2747 964 2788 ad
996 2746 1257 2801 religionum
1291 2745 1559 2788 cretensium
1593 2746 1845 2800 exemplum

155 2817 395 2873 applicavit
433 2821 567 2874 atque
607 2817 682 2874 qui
720 2817 853 2859 finxit
891 2816 1011 2859 Batti
1049 2818 1236 2859 matrem
1275 2831 1300 2858 a
1337 2815 1603 2858 Themisone
1641 2815 1686 2856 in
1724 2829 1846 2858 mare

154 2901 343 2930 mersam
385 2901 495 2940 esse,
535 2891 585 2930 ut
622 2888 704 2930 iuri
741 2888 926 2930 iurando
968 2886 1215 2929 satisfieret.
1281 2886 1472 2930 Causam
1505 2886 1622 2928 enini
1656 2885 1844 2929 certissi-

273 3041 285 3060 ¹
327 3056 370 3068 =
397 3040 567 3085 Oversigt
593 3051 678 3075 over
703 3041 764 3074 det
790 3040 927 3074 danske
954 3038 1147 3074 Selbskabs
1172 3038 1459 3084 Forhandlinger
1484 3039 1586 3083 1912,
1613 3039 1692 3074 329.
