2180 3482
879 244 933 279 De
959 256 991 279 v.
1012 246 1055 279 71
1067 255 1142 288 sqq.
1801 251 1858 291 49

166 347 322 404 posito,
357 349 486 404 Pyth.
511 349 551 391 V
581 351 649 399 72,
684 349 866 391 chorum
901 364 1172 404 cyrenaeum
1203 350 1310 393 fecit
1345 355 1600 395 canentem:
1634 353 1857 396 Lacedae-

164 432 296 461 mone
327 421 644 475 γεγενναμένοι
678 423 826 462 ἵκοντο
862 421 1064 476 Θήρανδε
1098 427 1242 477 φῶτες
1275 423 1488 478 Αἰγεΐὸαι,
1523 425 1620 476 ἐμοὶ
1653 426 1856 481 πατέρες,

165 492 216 531 οὐ
247 490 374 532 θεῶν
406 492 511 545 ἄτερ
548 491 663 533 ἀλλὰ
694 493 829 546 μοῖρά
860 507 924 544 τις
962 493 1082 547 ἆγεν.
1138 491 1263 544 Quae
1296 493 1433 535 verba
1460 493 1754 536 Callimachus
1787 497 1854 537 ut-

163 633 281 675 giom's
307 632 522 666 documenta
538 632 731 675 praecipue
749 631 879 666 Hilleri
904 633 1201 668 excavationibus
1227 633 1383 676 plurima
1408 635 1445 668 in
1464 634 1582 669 lucem
1599 635 1743 678 prolata
1761 640 1857 671 sunt.

163 691 461 726 Vetustissimum
485 691 735 724 testimonium
760 691 950 734 inscriptio
977 692 1126 734 praebet
1151 693 1370 734 perobscura
1395 694 1476 736 rupi
1500 694 1685 737 insculpta
1710 694 1770 728 IG
1787 695 1859 729 XII

162 748 194 792 3,
209 749 277 783 324
303 748 537 794 Ἀγλοτέλης
563 750 762 794 κράτιστος
788 751 928 795 ἀγορὰν
954 752 1084 785 mucida
1103 751 1311 797 Κα[ρ]νὴια
1336 752 1432 786 θεον
1458 752 1652 794 ὁείπνιξεν
1675 754 1859 787 Ιιονιπαν-

162 809 245 842 τίὸα
275 808 313 852 (i.
340 818 367 842 e.
395 809 655 851 οὑνιπαντίὸα,
688 812 706 842 ὁ
734 809 999 854 Ἐνιπαντίόα)
1032 812 1095 844 καὶ
1127 810 1339 856 Λακαρτῶς,
1371 811 1433 845 ubi
1465 811 1526 853 qui
1557 811 1647 845 illud
1678 811 1774 846 θεον
1805 814 1858 846 in-

161 866 405 910 tellegendum
442 869 501 909 sit,
537 867 746 911 ambigitur.
798 867 887 902 Mihi
920 879 993 902 una
1030 870 1186 903 maxime
1218 869 1349 903 Hilleri
1381 870 1638 913 interpretatio
1670 871 1857 914 probatur,

160 928 203 959 ut
227 926 277 959 sit
300 926 421 960 θέωνε
448 925 658 969 Aglaoteles
685 926 824 960 scilicet
851 937 931 960 cum
964 938 1093 962 munus
1119 929 1272 962 sortitus
1306 931 1402 962 esset
1435 928 1601 963 currendi
1633 930 1670 962 in
1697 930 1857 973 Carneis,

160 994 289 1019 munus
315 984 454 1019 scilicet
480 984 767 1027 staphylodromi
794 984 870 1030 (cfr.
891 987 1120 1028 potissimum
1146 987 1279 1021 Anecd.
1299 987 1412 1022 Bekk.
1433 987 1451 1021 Ι
1468 988 1547 1031 305,
1567 989 1627 1030 25;
1655 988 1857 1032 Hesychius

161 1053 188 1078 s.
208 1054 241 1077 v.
261 1043 572 1089 σταφυλοὸρόμοι
600 1043 690 1077 1673
715 1054 786 1077 11011
811 1047 889 1078 tam
915 1046 1127 1088 perspicuus
1145 1045 1226 1089 est),
1253 1047 1390 1088 primus
1409 1047 1566 1080 omnium
1583 1047 1681 1081 illius
1701 1049 1858 1082 muneris

161 1101 381 1146 collegarum
407 1104 558 1147 ἀγοράν,
593 1103 689 1136 cives
721 1102 766 1136 ad
802 1113 927 1137 cenam
958 1104 1115 1138 vocavit.
1167 1104 1356 1148 Templum
1382 1105 1561 1149 Apollinis
1588 1106 1718 1140 Carnei
1743 1106 1859 1141 Hiller

160 1160 284 1195 effodit
309 1160 442 1205 (Thera
467 1161 485 1194 Ι
504 1161 572 1195 275
586 1172 679 1203 sqq.;
706 1161 761 1195 III
779 1161 824 1196 62
838 1162 940 1207 sqq),
974 1166 1060 1197 ante
1093 1163 1186 1205 quod
1212 1163 1384 1206 planities
1411 1167 1501 1207 erat,
1534 1164 1718 1199 hominum
1750 1176 1859 1209 opera

162 1219 302 1254 scilicet
328 1230 370 1254 ea
397 1219 439 1253 de
465 1229 576 1254 causa
602 1224 805 1262 coaequata
830 1224 872 1254 ut
897 1222 1000 1264 pueri
1027 1222 1217 1265 saltarent,
1245 1233 1397 1264 quorum
1416 1226 1453 1257 et
1471 1223 1679 1267 agilitatem
1699 1226 1858 1268 corporis

160 1281 197 1313 et
227 1278 363 1313 formae
398 1280 664 1321 praestantiam
705 1279 807 1313 tituli
850 1281 1022 1314 amatorii
1056 1280 1211 1315 laudant
1245 1281 1300 1315 illi
1331 1282 1557 1326 nobilissimi,
1592 1293 1742 1325 quorum
1773 1294 1857 1326 pars

161 1337 304 1380 quidem
330 1348 401 1371 non
427 1337 534 1381 longe
561 1338 606 1372 ab
631 1337 693 1372 illo
719 1338 854 1382 templo
881 1349 968 1373 saxo
994 1339 1178 1383 insculpta
1203 1343 1269 1374 est.
1322 1340 1628 1376 Consuetudinem
1658 1342 1760 1376 illam
1793 1346 1857 1376 τοῦ

160 1396 401 1441 ὁαμοθοινᾶν
426 1397 464 1430 in
485 1396 634 1431 Carneis
660 1400 826 1440 praestat
851 1398 1040 1441 inscriptio
1066 1399 1104 1432 in
1130 1402 1239 1442 puteo
1265 1399 1332 1434 sub
1357 1400 1432 1442 ipso
1460 1400 1595 1443 templo
1622 1402 1772 1436 inventa
1797 1401 1857 1435 IG

159 1455 233 1489 XII
258 1455 292 1497 3,
312 1455 380 1489 335
406 1465 477 1490 non
502 1458 581 1490 tam
606 1457 760 1498 antiqua
785 1456 850 1490 illa
876 1456 1028 1498 quidem.
1072 1458 1186 1499 Atqui
1213 1457 1344 1492 Carnei
1369 1458 1582 1503 religionem
1607 1471 1677 1494 non
1702 1459 1785 1495 inde
1811 1460 1856 1495 ab

159 1515 297 1558 origine
324 1514 567 1549 Theraeorum
592 1515 714 1558 fuisse,
739 1515 822 1550 inde
848 1519 944 1550 recte
970 1516 1130 1551 Hillerus
1157 1517 1290 1561 (Thera
1314 1518 1368 1551 ΠΙ
1387 1518 1445 1563 69)
1472 1518 1629 1563 collegit,
1657 1520 1750 1561 quod
1773 1520 1856 1555 Del-

158 1573 335 1616 phinium,
367 1583 438 1607 non
473 1573 652 1608 Carneum
686 1574 896 1609 adulescens
932 1575 1079 1617 quidam
1114 1577 1370 1618 antiquissima
1405 1580 1529 1611 aetate
1563 1580 1696 1612 testem
1730 1578 1858 1615 domiti

157 1633 260 1675 pueri
285 1633 493 1666 invocasset
520 1632 593 1677 (IG
617 1633 689 1666 XII
714 1633 746 1676 3,
761 1633 855 1678 537).
900 1632 967 1668 Sed
988 1634 1143 1668 Theram
1168 1635 1380 1669 introducta
1405 1638 1529 1670 tamen
1547 1640 1603 1670 est
1624 1640 1747 1671 aetate
1767 1639 1858 1673 satis

158 1692 321 1735 antiqua,
355 1702 435 1725 cum
466 1691 531 1726 illa
562 1691 684 1726 insula
718 1703 844 1736 regum
874 1693 1025 1736 imperio
1058 1693 1349 1738 obtemperabat;
1385 1705 1456 1729 non
1481 1696 1599 1729 minus
1630 1698 1726 1730 enim
1759 1700 1858 1731 recte

157 1749 251 1784 idem
277 1749 410 1794 (Thera
434 1750 452 1784 I
478 1750 559 1795 153)
593 1750 810 1786 conclusisse
848 1752 993 1786 videtur
1029 1753 1132 1796 genti
1169 1763 1260 1795 quae
1298 1764 1319 1787 a
1356 1754 1502 1798 regibus
1541 1755 1716 1799 originem
1759 1766 1858 1799 repe-

156 1811 263 1851 teret,
290 1809 533 1844 sacerdotium
559 1809 820 1845 hereditarium
845 1811 956 1845 fuisse
983 1821 1063 1845 cum
1089 1812 1295 1855 Aesculapii
1323 1815 1401 1847 tum
1419 1812 1598 1857 Apollinis
1618 1814 1758 1849 Carnei.
1798 1815 1859 1849 Ti-

156 1867 253 1902 tulos
279 1868 548 1911 quaerentibus,
587 1869 718 1911 quibus
743 1880 836 1904 unus
862 1874 899 1904 et
932 1870 1026 1904 alter
1059 1880 1102 1904 ex
1133 1870 1207 1905 illis
1239 1872 1489 1906 sacerdotibus
1521 1877 1857 1917 commemorantur,

156 1927 296 1970 pariter
328 1927 457 1969 quibus
495 1928 591 1961 servi
616 1928 825 1972 Καρνείοις
856 1931 898 1963 ἐν
936 1931 1054 1974 ἀγῶνι
1087 1931 1406 1973 manumittuntur,
1445 1931 1577 1964 Hilleri
1609 1931 1745 1966 indices
1778 1933 1857 1967 dili-

156 1985 368 2029 gentissime
395 1985 548 2020 confecti
575 1990 721 2030 praesto
747 1990 854 2022 erunt
875 1987 951 2031 (cfr.
971 1987 1138 2022 fasciculi
1163 1989 1184 2022 3
1211 1999 1268 2032 pp.
1296 1989 1375 2023 252.
1403 1990 1482 2024 255.
1510 1990 1579 2024 344
1605 2000 1630 2024 s.
1652 2001 1708 2025 vv.
1728 1991 1857 2026 Απόλ-

158 2043 239 2078 λων
271 2047 309 2078 et
340 2044 542 2089 Καρνεῖα).
570 2065 614 2069 -
641 2044 679 2079 Si
706 2045 866 2089 Cyrenas
898 2047 1195 2088 transmittimus,
1228 2051 1374 2090 praeter
1399 2049 1549 2083 Pindari
1581 2053 1618 2083 et
1645 2050 1857 2085 Callimachi

156 2102 263 2146 locos,
297 2113 384 2145 quos
419 2103 592 2148 discepto,
626 2104 758 2139 Carnei
790 2104 978 2150 religionis
1010 2105 1223 2140 documento
1256 2110 1343 2141 sunt
1366 2107 1557 2142 Plutarchi
1589 2113 1728 2150 quaest.
1756 2121 1856 2145 conv.

157 2161 246 2197 VIII
272 2162 338 2196 717
352 2161 382 2197 d.
411 2182 454 2186 —-
487 2162 530 2197 In
567 2163 814 2207 Peloponneso
851 2168 997 2207 praeter
1032 2165 1228 2199 Laconiam
1263 2165 1325 2200 ille
1361 2166 1447 2200 deus
1484 2166 1670 2202 colebatur
1706 2168 1857 2211 Sicyone

157 2219 279 2265 (Paus.
299 2221 335 2254 II
354 2221 408 2264 10,
424 2222 455 2256 2.
484 2222 538 2264 11,
554 2222 601 2267 2),
628 2223 748 2267 Argis,
775 2223 838 2257 ubi
866 2225 1090 2268 epigramma
1114 2225 1152 2258 in
1175 2224 1341 2259 Maeuiae
1360 2225 1442 2259 Τ.1.
1465 2225 1638 2269 Smyrnae
1658 2228 1857 2263 sacerdotis

156 2279 297 2314 tumulo
330 2281 443 2314 etiam
475 2291 570 2315 nunc
601 2281 738 2325 legitur
765 2282 839 2326 (IG
864 2282 915 2317 IV
942 2283 1038 2327 620),
1064 2283 1233 2317 mutilum
1258 2282 1348 2318 illud
1373 2285 1517 2326 quidem
1543 2288 1580 2319 et
1605 2285 1857 2322 difficillimum

156 2337 202 2372 ad
227 2338 511 2382 intellegendum
537 2339 661 2384 (velim
686 2344 812 2376 teneas
839 2352 918 2376 eam
939 2343 1051 2376 etiam
1068 2341 1165 2376 Iovis
1182 2342 1292 2377 fuisse
1316 2343 1539 2378 sacerdotem
1558 2348 1623 2378 aut
1641 2355 1677 2379 se
1694 2345 1857 2380 futuram

156 2407 320 2440 sperasse
345 2398 383 2431 in
409 2398 659 2442 supplemento
685 2403 831 2434 tantum
857 2410 983 2434 versus
1011 2401 1052 2434 11
1079 2401 1239 2444 positum
1265 2411 1342 2435 esse
1369 2404 1533 2446 ὑψίστου
1560 2403 1590 2437 δ’
1618 2405 1726 2449 ἠρίον
1752 2405 1857 2450 ἄ[γχι

159 2455 260 2501 Διός]
292 2456 564 2499 elegantissimo
596 2469 682 2492 sane
709 2462 746 2493 et
772 2458 866 2500 quod
897 2458 1097 2502 complures
1125 2458 1360 2495 difficultates
1393 2461 1573 2505 expediat,
1607 2462 1699 2497 alias
1732 2467 1856 2498 autem

156 2515 275 2558 ipsum
299 2515 439 2559 iaciat).
479 2516 655 2559 Epidauri
679 2516 782 2551 illum
809 2517 946 2552 cultum
980 2528 998 2551 e
1024 2528 1145 2552 mense
1172 2518 1331 2553 eiusdem
1356 2520 1512 2554 nominis
1545 2520 1759 2565 colligimus,
1793 2524 1855 2564 qui

156 2575 300 2617 saepius
326 2575 364 2608 in
389 2574 481 2608 tholi
507 2574 754 2610 aedificandae
779 2577 996 2619 rationibus,
1024 2577 1085 2618 qui
1112 2580 1169 2611 est
1186 2577 1318 2612 titulus
1335 2578 1387 2614 IV
1413 2589 1446 2613 a.
1466 2579 1546 2613 Chr.
1564 2589 1599 2613 n.
1622 2580 1757 2614 saeculi
1784 2581 1856 2624 (IG

155 2633 208 2668 IV
223 2632 339 2677 1485),
372 2623 604 2668 memoratur.
633 2655 675 2658 —
703 2634 905 2679 Religionis
939 2635 1069 2670 Carnei
1102 2637 1302 2670 messeniae
1333 2638 1542 2672 testimonio
1575 2641 1631 2672 est
1663 2638 1720 2672 lex
1752 2649 1856 2674 sacra

156 2691 400 2726 Andaniensis
427 2691 527 2736 (Syll.
549 2693 616 2727 653
642 2709 687 2721 =
713 2693 857 2737 Ziehen,
884 2693 978 2738 legg.
1003 2704 1127 2728 sacrae
1153 2705 1205 2729 nr.
1225 2695 1296 2740 58),
1315 2706 1386 2737 qua
1404 2706 1661 2739 saepenumero
1680 2697 1855 2740 templum

157 2749 286 2784 Carnei
312 2751 389 2784 sive
415 2752 453 2785 τὸ
479 2751 742 2797 Καρνειάσιον
767 2754 976 2787 nominatur
1007 2763 1148 2794 quaque
1179 2753 1325 2788 iubetur
1351 2754 1397 2798 (v.
1419 2755 1474 2790 34.
1490 2755 1549 2799 69)
1581 2765 1661 2790 cum
1692 2755 1775 2790 aliis
1801 2757 1855 2791 dis

154 2810 234 2842 tum
262 2809 423 2852 Apollini
453 2809 590 2844 Carneo
616 2820 673 2844 res
700 2810 824 2845 divina
850 2811 944 2845 fieri:
983 2821 1052 2853 quo
1079 2811 1122 2845 de
1147 2812 1257 2846 titulo
1283 2812 1388 2856 plura
1414 2813 1495 2847 dedi
1520 2815 1557 2847 in
1584 2814 1667 2848 Atti
1693 2813 1729 2847 di
1755 2814 1855 2848 Tori-

156 2877 202 2900 no
230 2867 330 2902 1912.
369 2868 548 2911 Mysteria
580 2869 729 2903 dearum
754 2870 971 2912 Magnarum
1004 2871 1041 2903 in
1068 2870 1242 2905 Carnasio
1275 2871 1374 2905 facta
1410 2882 1487 2906 esse
1522 2872 1627 2906 docet
1651 2873 1855 2907 Pausanias

156 2924 209 2960 IV
227 2926 336 2970 33‚4;
369 2926 465 2961 idem
495 2930 658 2962 testatur
689 2929 727 2961 in
759 2928 833 2962 alia
859 2928 1061 2963 Messeniae
1092 2928 1179 2963 urbe
1205 2929 1335 2964 Pharis
1361 2930 1542 2973 Apollinis
1569 2930 1700 2965 Carnei
1730 2941 1856 2966 nemus

156 2983 268 3018 fuisse
299 2984 365 3029 (IV
390 2985 514 3030 31,1).
558 3007 602 3010 —
637 2986 765 3029 Apollo
798 2987 969 3032 Καρῐνος
1007 2997 1136 3021 saxum
1166 2988 1204 3021 in
1235 2989 1428 3031 pyramida
1458 2989 1652 3033 formatus,
1691 3000 1796 3032 quem
1834 3001 1855 3024 a

157 3041 432 3086 Megarensibus
458 3045 643 3079 excultum
669 3055 746 3080 esse
773 3045 867 3088 apud
892 3046 1117 3080 Pausaniam
1137 3046 1168 3091 (I
1187 3047 1242 3091 44,
1261 3047 1296 3091 2)
1323 3047 1488 3092 legimus,
1514 3059 1601 3083 num
1619 3059 1699 3083 cum
1717 3049 1855 3083 Carneo

229 3111 396 3146 Fasquaii,
416 3112 625 3146 Quaestiones
645 3113 888 3143 Callimacheae.
1621 3108 1643 3141 4
