2180 3482
743 212 796 246 De
822 211 928 246 Ovidi
953 211 1124 245 Amorum
1150 211 1204 244 III
1224 211 1244 244 2
1757 211 1837 251 157

150 318 252 375 equi
275 320 459 360 currunt
481 316 551 359 cui
574 317 721 372 puella
745 316 868 359 favet
895 317 952 369 (v.
977 318 1069 367 67):
1104 319 1170 358 οιιὲ
1192 318 1371 369 studeas,
1409 318 1546 369 videm
1577 317 1718 366 vincet,
1753 318 1837 357 cui-

150 404 321 446 cumque
351 388 536 443 favebis:
587 390 689 443 quid
721 389 878 442 cupias,
926 388 1008 442 ipsi
1052 388 1157 428 scire
1202 388 1394 428 videntur
1435 388 1539 441 equi.
1605 384 1692 427 Sed
1734 399 1836 426 mox

151 457 270 501 vices
308 459 550 507 mutantur,
592 470 694 498 nam
728 455 882 510 auriga
913 469 1050 510 equos
1082 455 1168 496 iam
1201 455 1313 497 male
1345 454 1477 509 regit:
1529 471 1588 497 me
1618 457 1840 497 miserum!

149 535 297 571 metam
327 530 510 584 spatioso
543 528 690 568 circuit
723 528 828 568 orbe.
878 525 971 566 Iam
1004 525 1113 568 alter
1146 539 1171 567 a
1201 528 1327 580 tergo
1363 524 1541 580 premit:
1577 525 1839 581 quidfacis?

151 600 317 641 admoto
342 612 577 654 promemus
616 611 693 638 axe
729 597 849 638 subit.
913 595 1070 650 Neque
1111 595 1295 638 Ovidius
1340 595 1421 636 sibi
1462 595 1547 637 iam
1591 598 1839 649 temperare

150 670 310 723 potest,
359 666 466 722 quin
513 666 655 721 ipsum
706 664 903 720 aurigam
952 665 1099 707 iubeat
1142 666 1316 721 puellae
1356 668 1462 708 vota
1506 679 1594 706 non
1634 664 1837 720 perdere:

151 740 252 795 quid
280 739 404 791 fads,
444 738 623 792 infelioe?
655 738 804 792 perdis
837 739 945 779 bona
976 742 1070 778 vota
1095 738 1283 791 puellae:
1324 737 1453 786 tende,
1494 750 1652 791 precor,
1696 736 1840 777 valida

150 811 243 850 lora
274 810 446 850 sinistra
478 809 634 849 mame!
694 806 751 847 At
784 805 869 848 iam
903 806 1014 848 alter
1046 805 1165 861 prius
1198 805 1398 848 advenit:
1432 819 1522 847 una
1553 819 1654 860 spes
1687 818 1838 859 super-

151 880 230 929 est,
274 876 466 929 Quirites
500 891 677 918 cursum
709 879 1015 928 revocaturos3
1059 875 1153 931 ipse
1187 875 1379 927 Quirites
1412 878 1551 929 rogat,
1590 875 1634 916 id
1666 873 1839 917 iactatis

150 947 265 1003 togis
287 947 466 989 faciant.
517 946 717 998 Faciunt,
751 947 828 989 sed
850 949 1056 1001 togarum
1079 948 1240 989 ventus
1263 946 1436 1001 puellae
1462 945 1642 1001 capillos
1674 945 1838 996 turbat,

151 1032 283 1074 quam
330 1020 464 1073 poeta
512 1017 667 1060 callide
713 1019 866 1059 monet
904 1019 952 1058 ut
998 1016 1043 1058 in
1083 1031 1186 1058 suos
1225 1015 1346 1058 sinus
1385 1015 1624 1069 confugiat.
1662 1041 1713 1044 —
1747 1015 1839 1056 Iam

150 1088 296 1130 denuo
330 1088 538 1140 curritur3
572 1088 659 1129 iam
692 1087 840 1130 omnia
872 1087 1064 1141 aurigae,
1101 1087 1171 1128 cui
1203 1086 1349 1142 puella
1374 1086 1510 1138 favet,
1544 1085 1709 1141 optime
1742 1099 1838 1127 suc-

151 1158 334 1210 cedunt3
367 1157 454 1200 iam
477 1158 667 1214 palmam
691 1160 828 1200 tenet.
877 1157 1006 1199 Nunc
1029 1156 1186 1199 Ovidio
1210 1159 1386 1212 tempus
1410 1159 1477 1199 est
1499 1156 1616 1198 illam
1649 1156 1840 1211 palmam

149 1231 316 1283 petere,
352 1243 484 1285 quam
516 1228 664 1284 puella
695 1227 852 1269 annuit
885 1228 945 1281 (v.
969 1230 1061 1279 81):
1098 1229 1207 1270 Sunt
1238 1229 1432 1270 dominae
1464 1234 1559 1269 rata
1590 1233 1684 1269 vota
1716 1241 1838 1278 meae,

150 1314 240 1341 mea
257 1306 355 1341 vota
371 1305 611 1354 supersunt.-
637 1301 703 1341 ille
725 1305 830 1341 tenet
844 1300 1055 1354 palmeum·
1068 1300 1219 1354 palma
1228 1299 1411 1353 petenda
1435 1303 1573 1340 meast.
1609 1296 1836 1352 Sequitur:

151 1370 261 1411 Risit
291 1375 329 1411 et
359 1372 522 1425 arqutis
556 1371 758 1426 quiddam
790 1371 986 1424 promisit
1024 1371 1179 1411 ocellis:
1216 1370 1282 1410 hic
1318 1371 1421 1410 satis
1453 1374 1530 1421 est,·
1577 1370 1661 1410 (clio
1709 1374 1840 1410 cetera

149 1441 274 1481 redde
320 1441 421 1482 loeo.
486 1438 639 1480 Totius
687 1438 892 1481 carminis
939 1438 1029 1481 vim
1077 1441 1120 1480 et
1167 1438 1280 1481 sales
1327 1438 1532 1493 perdunt,
1582 1437 1669 1493 qui,
1718 1437 1840 1481 velut

150 1508 389 1551 Brandtius
415 1509 683 1561 Ehwaldius‚
718 1512 821 1551 ante
853 1525 893 1552 v.
925 1512 958 1561 1,
993 1512 1093 1564 post
1116 1524 1156 1552 v.
1181 1511 1235 1551 82
1270 1508 1396 1564 signa
1429 1511 1645 1560 statuunt,
1680 1507 1839 1564 quibus

149 1579 343 1621 narratio
397 1579 565 1622 directa
614 1579 926 1631 introducitur,
981 1579 1280 1632 concluditur3
1339 1580 1526 1622 credunt
1573 1578 1690 1621 enim
1737 1577 1839 1621 Ovi-

151 1648 270 1691 dium
303 1652 526 1705 postremo
560 1650 746 1693 disticho
785 1650 981 1693 indicare
1019 1664 1067 1693 se
1103 1651 1214 1693 haec
1254 1663 1489 1701 narrare,
1536 1648 1661 1705 quasi
1702 1648 1837 1690 dicat:

154 1720 304 1772 „Haec
337 1734 418 1776 ego
453 1735 553 1763 cum
577 1735 628 1763 ea
650 1721 823 1763 locutus
847 1735 956 1772 sum,
990 1720 1062 1763 illa
1084 1721 1170 1763 iam
1192 1720 1287 1762 risit
1310 1722 1352 1763 et
1374 1719 1615 1776 promisit.“
1671 1719 1839 1762 Contra

149 1791 261 1833 haec
304 1791 443 1834 verba
486 1806 577 1833 non
621 1791 766 1833 minus
811 1794 1004 1846 aguntur
1046 1806 1178 1847 quam
1216 1805 1331 1847 quae
1370 1791 1654 1847 praecedunt.
1718 1790 1839 1832 Inter

150 1875 222 1904 vv.
252 1863 303 1903 81
348 1864 391 1903 et
424 1863 479 1903 83
520 1861 801 1904 intervallum
844 1861 1152 1905 brevissimum
1190 1860 1352 1904 silentii
1392 1860 1604 1904 decurrit:
1654 1859 1838 1903 Ovidius

148 1930 244 1986 ipse
277 1945 428 1974 secum
461 1932 703 1974 collocutus
737 1935 843 1984 erat,
890 1931 953 1974 ita
983 1934 1134 1975 tamen
1166 1935 1214 1974 ut
1252 1932 1399 1988 puella
1440 1930 1624 1982 audiret,
1666 1929 1839 1972 dixerat

149 2015 228 2043 sua
256 2004 360 2044 vota
380 2001 467 2044 iam
495 2016 742 2057 superesse,
776 2002 870 2058 ipse
898 2002 978 2044 sibi
1008 2002 1178 2045 animos
1200 2002 1380 2054 fecerat,
1414 2005 1463 2044 ut
1489 2001 1680 2057 palmam
1713 2015 1837 2042 suam

146 2074 331 2127 peteret.
385 2073 509 2115 Haec
541 2073 726 2115 audiens
749 2073 896 2129 puella
928 2073 1015 2115 iam
1050 2072 1175 2116 ridet.
1229 2071 1555 2115 Animadvertit
1578 2070 1762 2114 Ovidius
1794 2073 1838 2113 et

145 2141 241 2197 ipse
264 2156 415 2185 secum
436 2143 639 2194 laetatur,
666 2146 761 2185 tum
783 2144 976 2199 puellam
998 2143 1237 2199 alloquitur
1259 2144 1369 2185 haec
1392 2142 1497 2185 satis
1519 2142 1563 2184 in
1587 2141 1839 2198 praesentia

146 2225 256 2264 esse,
281 2212 365 2255 alia
381 2212 464 2255 alio
482 2213 579 2255 loco
597 2214 835 2256 reddenda.
870 2213 982 2269 Ipsis
1005 2213 1296 2257 vocibus-alio
1320 2220 1449 2256 cetera
1469 2215 1594 2256 redde
1615 2216 1716 2264 loco,
1741 2212 1835 2268 ipso

144 2281 408 2337 imperativo
447 2284 577 2326 modo
618 2284 950 2326 demonstratur
990 2298 1090 2326 eum
1123 2284 1256 2326 etiam
1288 2298 1409 2325 nunc
1440 2283 1486 2325 in
1518 2283 1634 2326 circo
1668 2283 1834 2325 sedere.

261 2352 512 2396 Artificium
551 2353 656 2396 illud
701 2354 1034 2396 callimacheum
1080 2354 1135 2396 ab
1170 2353 1328 2397 Ovidio
1376 2353 1436 2396 ita
1484 2353 1710 2396 excultum
1755 2356 1834 2405 est,

143 2425 193 2464 ut
231 2422 306 2479 qui
344 2423 477 2479 legat,
523 2424 652 2467 facile
692 2424 823 2467 etiam
863 2439 984 2466 nunc
1023 2424 1186 2467 sentiat
1224 2439 1249 2466 a
1280 2438 1505 2467 sacrorum
1538 2423 1836 2479 descriptione

142 2492 249 2535 fflud
281 2507 378 2536 esse
410 2494 679 2550 profectum3
725 2497 895 2537 amator
928 2494 1058 2546 enim,
1105 2495 1181 2550 qui
1212 2494 1257 2536 in
1291 2495 1405 2537 circo
1440 2497 1625 2551 spectat,
1671 2493 1706 2535 si
1744 2507 1834 2535 non

142 2562 340 2616 ineunte,
394 2566 440 2606 at
486 2564 630 2607 medio
675 2564 869 2608 carmine
909 2565 1142 2620 praeconis
1184 2564 1381 2607 officium
1422 2579 1513 2607 non
1553 2564 1639 2607 iam
1686 2564 1835 2606 furore

142 2647 267 2676 sacro
295 2635 372 2677 sed
405 2649 554 2678 amore
587 2638 816 2691 correptus
850 2635 1045 2691 suscipit.
1089 2635 1313 2687 Horatius,
1346 2638 1480 2691 poeta
1511 2635 1648 2677 multo
1681 2634 1832 2686 maior,

140 2704 278 2746 multo
301 2705 467 2748 maiore
489 2706 694 2748 libertate
718 2706 904 2748 eandem
927 2705 1115 2748 formam
1147 2705 1191 2747 in
1224 2720 1352 2748 suum
1385 2721 1512 2748 usum
1537 2707 1831 2749 converterat.

257 2775 380 2817 Talia
411 2776 619 2828 carmina,
660 2777 789 2832 quale
822 2776 927 2818 illud
959 2776 1114 2818 Horati
1147 2779 1214 2818 est
1247 2778 1389 2819 Donec
1420 2783 1568 2832 qratus
1599 2792 1714 2819 eram
1745 2778 1831 2831 tibi,

139 2857 286 2900 neque
316 2846 555 2901 praeconia
588 2850 691 2889 sunt
722 2860 870 2902 neque
902 2861 928 2888 a
958 2846 1195 2902 praeconio
1229 2846 1442 2899 derivata,
1477 2847 1555 2889 sed
1586 2846 1719 2889 mimi.
