2180 3482
363 225 419 264 58
1003 221 1057 254 De
1082 219 1213 263 hymno
1239 219 1418 262 Apollinis

364 327 676 384 praedicantur
693 325 859 381 Ephesi
877 325 1158 368 simulacrum
1172 325 1345 368 Dianae
1363 325 1588 378 statuisse3
1609 324 1823 367 subicitur
1841 324 2057 380 templum

363 398 422 439 illi
446 400 601 453 postea
624 395 1075 439 circumaedificatum
1100 410 1197 439 esse
1220 395 1436 451 Delphico
1462 395 1746 452 splendidius,
1781 395 1901 451 quod
1925 394 2058 437 etiam

362 472 471 510 tunc
516 470 614 509 stet.
698 466 867 521 Hymni
907 466 952 508 in
999 467 1159 509 Delum
1203 482 1242 509 v.
1274 469 1360 508 300
1387 481 1482 522 sqq.
1527 469 1695 522 quanta
1734 465 1946 520 religione
1987 465 2058 508 illa

362 538 506 580 insula
544 538 818 588 observetur,
860 537 1064 579 laudibus
1102 536 1286 589 tollitur3
1330 536 1681 579 adulescentium
1719 550 1799 592 per
1830 537 2003 578 Thesea
2034 550 2060 578 a

362 607 600 651 Minotauri
631 607 834 650 faucibus
861 610 1137 650 servatorum
1160 607 1326 650 circum
1348 607 1535 650 Veneris
1569 607 1851 649 simulacrum
1885 606 2058 649 saltatio

364 679 642 732 describitur,
684 679 787 721 inde
820 677 942 733 origo
975 678 1315 720 Atheniensium
1348 677 1493 729 moris,
1538 680 1587 719 ut
1620 680 1787 720 certam
1820 676 2059 734 quotannis

365 765 527 793 navem
571 750 731 792 Delum
776 749 969 800 mittant,
1017 749 1257 804 repetitur3
1313 748 1499 790 adicitur
1545 747 1677 790 etiam
1725 748 1904 790 alterius
1948 747 2059 790 ritus

365 820 616 877 descriptio,
671 835 804 863 causa
852 819 1016 875 pariter
1064 819 1289 861 subicitur.
1353 819 1529 861 Addere
1582 822 1783 875 poteram
1834 817 2060 873 religionis

365 892 505 935 deliae
540 891 886 948 perpetuitatem
917 891 1002 933 hoc
1033 891 1129 933 1000
1164 892 1222 943 (v.
1248 892 1332 932 302
1350 892 1431 946 sq.)
1464 889 1629 946 pariter
1662 888 1810 932 efferri
1842 892 1977 945 atque
2015 889 2061 930 in

364 963 531 1018 hymno
574 976 706 1018 quem
748 962 1093 1018 interpretamur
1133 961 1357 1016 religionis
1392 960 1553 1003 Carnei
1591 959 1861 1015 cyrenensis.
1924 959 2059 1015 Equi-

367 1033 466 1076 dem
498 1047 614 1089 nego
647 1034 726 1075 has
758 1032 890 1074 trium
924 1032 1168 1075 carminum
1200 1032 1316 1074 inter
1349 1046 1395 1074 se
1435 1031 1742 1073 similitudines
1776 1030 1897 1073 casui
1927 1029 2061 1072 tribui

365 1118 507 1160 posse.
559 1104 698 1146 Immo
734 1103 934 1146 consulto
970 1102 1265 1146 Callimachus
1299 1101 1495 1145 carmina
1526 1116 1606 1144 sua
1637 1101 1699 1143 ita
1732 1100 2057 1144 exaedificavit.

364 1175 487 1226 Inde,
522 1174 557 1216 si
584 1174 688 1230 quid
721 1174 864 1226 video,
899 1174 1119 1229 colligitur
1152 1187 1251 1216 eum
1284 1173 1329 1215 in
1364 1172 1429 1214 his
1461 1172 1639 1228 hymnis
1672 1172 1920 1228 pangendis
1953 1170 2059 1214 civi-

364 1248 479 1288 tates
513 1245 714 1301 Cyrenas
746 1246 974 1301 Ephesum
1006 1245 1166 1287 Delum
1199 1244 1463 1300 respexisse,
1508 1244 1586 1285 hos
1618 1243 1700 1285 illis
1734 1242 2059 1299 quodammodo

366 1316 548 1359 dicasse.
613 1317 770 1372 Neque
808 1321 959 1358 tamen
992 1315 1165 1357 affirmo
1198 1316 1309 1358 haec
1343 1314 1540 1357 carmina
1571 1328 1692 1357 mare
1724 1313 1984 1355 transmissa
2017 1316 2061 1355 et

365 1402 391 1430 a
423 1387 566 1430 choris
599 1387 776 1444 publice
799 1390 978 1429 cantata
1001 1400 1116 1439 esse3
1150 1400 1299 1442 neque
1323 1385 1440 1428 enim
1468 1384 1725 1428 Callimachi
1747 1387 1869 1427 aetas
1902 1383 2060 1426 aetatis

365 1458 544 1500 Pindari
577 1457 727 1500 similis
759 1457 855 1503 fuit,
896 1456 1199 1509 Alexandrini,
1235 1470 1349 1513 quae
1382 1456 1668 1512 scripserunt,
1703 1456 1858 1498 eadem
1889 1453 2061 1497 ratione

365 1528 633 1586 publicanda
666 1530 876 1571 curarunt
910 1531 1045 1584 atque
1077 1542 1158 1570 nos
1190 1527 1378 1570 facimus
1412 1526 1740 1583 exemplaribus
1781 1525 1874 1569 sive
1907 1525 2060 1569 diven-

366 1600 466 1642 ditis
509 1599 603 1643 sive
645 1600 760 1642 dono
802 1599 958 1642 missis.
1022 1598 1159 1655 Atqui
1198 1598 1355 1654 potuit,
1405 1597 1548 1654 potuit
1581 1600 1733 1640 tamen
1766 1596 2062 1640 Callimachus

366 1671 561 1714 carmina
594 1670 725 1713 certis
758 1670 1012 1713 civitatibus
1035 1673 1155 1713 certo
1180 1669 1250 1712 die
1271 1669 1385 1712 festo
1419 1668 1578 1720 dicare,
1614 1670 1663 1710 ut
1694 1670 1855 1724 poetae
1889 1670 2061 1710 nostra-

364 1746 446 1794 tes,
494 1742 628 1784 Italos
661 1741 773 1793 dico,
809 1741 1018 1793 carmina,
1059 1754 1174 1797 quae
1206 1740 1251 1782 in
1284 1754 1437 1796 pugna
1468 1739 1604 1782 nobili
1637 1739 1708 1782 vel
1740 1738 1784 1780 in
1817 1737 1911 1781 viro
1945 1737 2061 1780 claro

363 1813 585 1856 laudando
619 1815 868 1865 versantur,
903 1812 973 1855 die
1019 1812 1133 1854 illius
1175 1825 1354 1868 pugnae
1387 1811 1459 1854 vel
1500 1810 1645 1853 obitus
1678 1809 1791 1851 illius
1824 1808 1906 1852 viri
1938 1807 2062 1851 anni-

367 1883 562 1927 versario
607 1883 875 1940 publicanda
923 1897 1057 1939 saepe
1100 1885 1269 1925 curant.
1348 1882 1475 1924 Illum
1517 1884 1674 1924 contra
1714 1881 1826 1923 haec
1868 1879 2064 1922 carmina

365 1969 456 1997 non
496 1955 630 1997 choro
671 1954 918 1997 destinasse
951 1953 1026 2010 qui
1057 1953 1130 1995 illa
1163 1956 1356 2005 caneret,
1400 1952 1471 1995 vel
1514 1966 1569 1994 ex
1611 1952 1709 2003 hoc,
1758 1965 1891 2007 quem
1923 1950 2063 1993 disce-

364 2029 555 2082 ptamus,
605 2026 771 2081 hymno
816 2024 1020 2067 efficitur.
1087 2024 1169 2066 Hic
1202 2023 1319 2066 enim
1352 2023 1576 2066 hominem
1617 2036 1663 2065 se
1702 2036 1726 2065 0
1759 2022 1893 2077 vulgo
1930 2020 2061 2064 Calli-

365 2097 549 2139 machus
588 2095 733 2152 fingit,
773 2095 848 2152 qui
887 2110 988 2137 cum
1020 2095 1151 2137 turba
1184 2095 1474 2151 colloquatur,
1508 2096 1603 2135 tum
1636 2093 1682 2135 in
1714 2093 1867 2135 laudes
1901 2091 2064 2135 Carnei

367 2182 414 2210 se
447 2167 573 2224 quasi
604 2167 772 2223 pietate
805 2166 945 2222 abripi
979 2166 1185 2221 patiatur,
1228 2168 1323 2207 tum
1355 2179 1460 2208 vero
1488 2179 1640 2206 rursus
1673 2178 1762 2206 una
1796 2177 1896 2206 cum
1929 2163 2062 2204 choro

366 2239 486 2281 illum
509 2239 702 2282 invocet.
753 2237 839 2290 Qui
861 2237 906 2279 in
940 2237 1135 2280 carmine
1168 2236 1345 2292 publice
1379 2236 1580 2278 canendo
1613 2234 1681 2276 his
1714 2233 1927 2290 partibus,
1960 2232 2064 2275 huic

368 2323 586 2366 personae
623 2309 746 2352 locus
786 2322 883 2351 esse
921 2307 1096 2364 potuit?
1159 2307 1218 2349 At
1255 2306 1384 2349 huius
1423 2305 1600 2362 generis
1632 2306 1785 2348 laudes
1818 2304 1853 2346 is
1888 2307 2064 2346 tantum

366 2380 595 2437 percipere
619 2379 795 2436 poterit,
830 2378 917 2435 qui,
953 2393 1053 2421 cum
1075 2379 1207 2433 legat,
1243 2377 1324 2420 sibi
1345 2377 1521 2419 turbam
1544 2376 1590 2418 in
1610 2376 1777 2432 templo
1801 2375 1856 2417 ad
1889 2388 2063 2417 sacrum

366 2450 620 2493 faciendum
660 2452 979 2505 congregatam
1022 2449 1172 2503 menti,
1217 2463 1308 2491 non
1353 2447 1489 2490 oculis
1533 2449 1854 2503 repraesentet.
1917 2445 2064 2487 Etiam

367 2521 511 2564 fateor
547 2521 653 2563 mihi
688 2520 867 2563 omnino
905 2535 995 2562 non
1041 2523 1257 2571 constare,
1300 2534 1406 2561 num
1449 2518 1494 2560 in
1532 2518 1620 2560 ulla
1657 2517 1838 2560 civitate
1880 2515 2064 2559 Carneis

367 2592 524 2648 Apollo
570 2605 781 2648 praesens
827 2590 1020 2633 creditus
1060 2591 1133 2643 sit;
1179 2604 1283 2632 nam
1315 2589 1414 2631 talis
1454 2591 1698 2645 ἐπιφάνεια
1731 2602 1809 2630 seu
1840 2590 2064 2643 παρουσία

369 2662 515 2719 potius
555 2665 786 2719 poetarum
828 2661 1206 2704 hellenisticorum
1238 2659 1392 2716 pietati
1424 2659 1641 2714 mysticae
1675 2673 1807 2714 quam
1840 2656 2064 2713 genuinae

369 2736 503 2790 atque
534 2732 633 2775 rudi
665 2733 934 2776 Graecorum
966 2731 1169 2787 religioni
1200 2730 1306 2772 mihi
1339 2732 1639 2772 consentanea
1673 2729 1861 2774 videtur,

486 2805 611 2847 Haec
648 2803 694 2845 in
734 2803 986 2860 praesentia
1025 2802 1130 2845 satis
1164 2804 1314 2852 sunto3
1358 2800 1444 2842 iam
1478 2800 1533 2842 ad
1565 2799 1739 2854 singula
1770 2802 2062 2841 transeamus.

371 2875 529 2917 Statim
552 2874 676 2917 initio
702 2874 862 2917 Carnei
890 2887 991 2916 arae
1014 2872 1327 2929 praedicantur
1350 2884 1579 2926 nunquam
1601 2883 1749 2925 neque
1771 2883 1877 2912 vere
1902 2868 2064 2911 florum

372 2948 576 3000 expertes
621 2959 717 2988 esse
758 2958 905 3001 neque
947 2944 1091 2987 hieme
1133 2942 1262 2986 croci.
1307 2968 1360 2972 —
1405 2942 1459 2985 80
1501 2941 1670 2983 Vocem
1703 2943 1848 2997 βωμοί
1877 2953 2062 2982 numero

372 3015 529 3071 plurali
545 3015 733 3071 positam
750 3015 857 3058 scite
873 3014 1071 3057 defendit
1086 3014 1314 3057 Vahlenus
1333 3016 1389 3068 (p.
1405 3014 1507 3065 818)
1525 3010 1748 3067 Apollonii
1764 3010 1825 3053 IV
1845 3012 1954 3052 1219
1968 3024 2063 3066 sqq.
