2180 3482
358 229 415 268 74
998 223 1050 257 De
1075 223 1205 267 hymno
1232 223 1411 266 Apollinis

358 331 612 374 Maeandrio
641 329 895 384 sumpsisse,
929 329 1015 371 iam
1038 329 1301 371 arbitramur
1325 329 1643 372 Callimachum
1668 329 1800 372 etiam
1823 328 1867 371 in
1901 329 2051 373 fabula

358 403 412 445 de
445 403 639 443 dracone
671 400 885 442 adversus
906 399 1156 455 Apollinem
1187 403 1417 455 pugnante
1440 400 1743 442 Maeandrium
1766 399 2048 456 expressisse.

357 473 407 514 Id
439 472 557 527 quod
579 471 624 512 in
646 470 759 511 illius
783 470 1150 513 consuetudinem
1184 470 1409 526 aptissime
1445 471 1650 526 quadrat:
1685 469 1746 512 ita
1779 470 1895 513 enim
1929 485 2049 526 pror-

358 556 431 584 sus
460 540 692 596 Cydippae
725 539 952 582 historiam
985 541 1039 583 de
1070 541 1333 583 Xenomede
1358 540 1448 583 Ceo
1481 555 1629 583 rerum
1656 541 1871 596 scriptore
1903 540 2048 584 ionico

356 626 446 654 non
489 611 630 654 solum
672 610 957 666 deprompsit,
1001 611 1079 654 sed
1119 611 1252 653 etiam
1291 625 1337 653 se
1377 612 1704 667 deprompsisse
1737 611 1950 667 gloriatus
1984 614 2051 654 est

358 681 590 738 Cydippae
622 680 862 736 fragmenti
893 694 1036 736 nuper
1061 681 1233 724 inventi
1256 697 1296 724 v.
1323 684 1377 723 53
1393 696 1488 737 sqq.
1514 682 1701 736 (Oxyrh.
1726 682 1831 738 Pap.
1857 682 1939 724 VH
1962 683 2047 736 27).

359 779 409 783 —
446 751 656 808 Sequitur
687 751 733 793 in
767 751 930 794 scholio
971 753 1220 808 δράκαιναν
1261 753 1308 794 δὲ
1349 755 1489 807 αὐτήν
1524 768 1657 808 φησιν
1690 754 1805 795 εἶναι
1838 753 2051 809 θηλυκῶς

356 825 642 879 καλουμένην
694 822 932 879 Δέλφυναν
987 825 1008 865 ὁ
1061 823 1195 875 αὐτὸς
1248 823 1552 877 Καλλίμαχος.
1646 822 1864 879 Equidem
1920 822 2050 865 huius

357 893 621 936 scholiastae
659 892 933 935 accurationi
970 907 1061 935 non
1099 895 1276 935 tantum
1307 893 1468 945 tribuo,
1508 895 1555 934 ut
1591 894 1767 936 credam
1798 893 2049 936 necessario

357 964 643 1007 statuendum
692 977 789 1006 esse
838 963 1157 1006 Callimachum
1205 964 1444 1006 draconem
1493 964 1630 1006 altero
1674 964 1771 1006 loco
1816 964 2050 1020 Δελφύνην

357 1035 600 1078 masculino
623 1049 803 1090 genere,
837 1035 975 1077 altero
999 1034 1236 1091 Δέλφύναν
1262 1034 1475 1077 feminino
1505 1035 1771 1091 appellasse3
1806 1049 1909 1077 nam
1935 1034 2049 1078 veri-

357 1105 538 1148 similius
564 1105 739 1148 videtur
761 1105 806 1147 in
828 1105 975 1162 priore
997 1105 1285 1148 adnotatione
1307 1120 1398 1147 non
1430 1108 1521 1147 tam
1555 1108 1775 1158 accurate,
1808 1119 1866 1148 ne
1898 1105 2050 1161 putide

356 1175 513 1229 dicam,
552 1175 668 1219 inter
706 1176 953 1232 Δελφύνην,
997 1191 1085 1232 qua
1122 1176 1263 1219 forma
1302 1176 1584 1218 Maeandrius
1617 1190 1722 1218 usus
1763 1179 1869 1228 erat,
1915 1178 2050 1232 atque

356 1247 592 1303 Δέλφύναν
637 1247 743 1289 illud
786 1247 1121 1289 callimacheum
1165 1246 1421 1289 distinctum
1464 1261 1574 1299 esse,
1618 1247 1663 1288 in
1695 1246 1940 1303 posteriore
1975 1247 2048 1289 de-

357 1332 477 1360 mum
510 1317 632 1360 vocis
666 1317 976 1360 callimacheae
1008 1317 1196 1360 formam
1230 1317 1471 1372 genuinam
1506 1317 1724 1360 adiectam
1758 1331 1854 1360 esse
1869 1317 1910 1369 ¹).
1961 1317 2050 1359 Sed

355 1388 456 1430 nolo
492 1401 544 1430 ea
576 1387 815 1430 diiudicare
849 1402 963 1444 quae
986 1387 1030 1429 in
1054 1387 1311 1444 opinatione
1334 1387 1479 1444 posita
1505 1391 1620 1430 sunt.
1668 1388 1727 1429 At
1755 1387 2049 1430 Callimachus

356 1459 492 1502 semel
545 1461 665 1501 certe
718 1459 956 1501 draconem
1004 1458 1256 1515 delphicum
1304 1459 1542 1515 Δέλφυναν
1590 1458 1712 1500 dixit.
1778 1458 1891 1501 Cum
1942 1472 2048 1501 vero

355 1529 615 1586 Apollonius
648 1529 691 1571 in
725 1529 875 1571 fabula
908 1529 1230 1572 conformanda
1262 1529 1356 1572 sine
1399 1529 1531 1572 dubio
1575 1544 1600 1572 a
1636 1529 1906 1572 Callimacho
1940 1543 2047 1585 pen-

355 1601 471 1653 deat,
507 1603 858 1643 consentaneum
892 1603 959 1643 est.
990 1600 1111 1642 illum
1142 1614 1307 1643 nomen
1340 1600 1505 1656 pariter
1537 1601 1771 1657 Δελφύνην
1803 1599 1858 1642 ab
1892 1600 2048 1642 eodem

356 1674 537 1714 auctore
582 1671 920 1727 deprompsisse.
985 1671 1132 1727 Atque
1174 1674 1313 1713 totam
1352 1670 1470 1713 illam
1507 1670 1702 1713 fabulam
1741 1671 1796 1713 de
1840 1672 2049 1726 serpente

356 1741 412 1784 ab
434 1742 638 1798 Apolline
660 1741 878 1784 transfixo
904 1741 1199 1785 Callimachus
1221 1741 1331 1784 libro
1364 1748 1455 1785 τῶν
1478 1745 1648 1785 Αἰτίων
1680 1744 1838 1798 quarto
1872 1755 2048 1784 enarra-

356 1816 500 1866 verat3
545 1827 724 1856 versum
770 1813 887 1856 enim
933 1827 988 1855 ex
1028 1814 1112 1855 hoc
1149 1813 1259 1855 libro
1300 1828 1437 1855 unum
1478 1813 1733 1868 Stephanus
1771 1812 2049 1868 Byzantinus

358 1886 406 1938 (s.
431 1899 471 1927 v.
496 1883 719 1936 Δειπνιάς,
752 1883 803 1926 fr.
828 1886 883 1926 32
913 1884 1063 1938 Schn.)
1092 1884 1299 1935 servavit,
1336 1898 1422 1940 quo
1449 1884 1520 1926 ille
1547 1884 1655 1926 deus
1677 1886 1895 1936 narratur,
1929 1886 2048 1939 post-

357 1969 489 2011 quam
533 1968 579 1996 se
612 1954 852 2010 Tempibus
892 1958 1115 2010 purgarat,
1157 1954 1408 2010 Deipniada
1451 1969 1497 1997 se
1539 1954 1583 1996 in
1616 1954 1765 1998 vicum
1797 1953 2050 1997 Thessaliae

355 2025 578 2081 recepisse
609 2024 760 2081 ibique
793 2025 980 2081 primum
1010 2025 1254 2077 efflavisse,
1290 2026 1408 2081 quod
1440 2039 1601 2080 graece
1634 2026 1838 2068 δειπνεῖν
1870 2025 2047 2067 dicitur:

356 2097 559 2149 δειπνιὰς
597 2097 736 2139 ἔνθεν
773 2113 851 2149 μιν
889 2097 1150 2150 δειδέχαται,
1190 2095 1233 2137 id
1275 2098 1342 2138 est
1380 2095 1628 2151 Apollinem
1670 2095 1911 2152 Tempibus
1950 2110 2049 2152 pro-

355 2165 535 2209 fectum.
598 2167 768 2208 Eodem
807 2166 1064 2209 Tertulliani
1106 2166 1150 2207 in
1192 2166 1302 2208 libro
1342 2167 1396 2208 de
1440 2181 1605 2209 corona
1646 2166 1728 2208 VH
1770 2167 1806 2220 (I
1831 2168 1917 2208 432
1952 2157 2048 2209 Chl.

356 2258 413 2272 =
445 2237 472 2279 f.
505 2239 594 2279 414
633 2237 785 2292 Schn.)
825 2236 1129 2279 testimonium
1168 2237 1392 2292 pertinere
1436 2236 1612 2279 videtur
1649 2239 1774 2280 habes
1813 2238 2052 2280 Pindarum

357 2315 478 2365 atque
520 2309 830 2358 Callimachum,
881 2311 952 2365 qui
998 2315 1034 2350 et
1070 2309 1309 2364 Apollinem
1348 2315 1549 2350 memorat
1584 2310 1798 2363 'interjecto
1835 2310 2052 2364 Delphyne

357 2381 538 2421 dracone
581 2381 769 2421 lamnam
815 2381 998 2421 induisse
1043 2394 1127 2436 qua
1159 2381 1395 2434 supplicem.
1452 2377 1596 2430 Quid?
1635 2392 1784 2421 nonne
1817 2392 2051 2421 censemus

358 2448 643 2504 descriptioni
661 2448 822 2504 piaculi
839 2448 1163 2491 interfectionis
1183 2448 1527 2504 descriptionem
1544 2449 1870 2504 praecessisse?
1888 2448 2049 2505 Atque,

358 2533 458 2561 cum
492 2518 786 2562 Callimachus
820 2523 1098 2575 pentametro
1132 2519 1321 2561 narrarit
1355 2519 1613 2575 Neptunum
1646 2519 1880 2575 pristinum
1913 2519 2050 2562 domi-

356 2605 464 2632 num
496 2590 693 2645 Delphos
728 2590 932 2633 Calauria
964 2591 1108 2632 insula
1140 2593 1336 2632 mutasse
1376 2591 1544 2646 (μέσφα
1577 2591 1868 2646 Καλαύρείης
1906 2590 2051 2646 ἦλθεν

359 2663 403 2713 ἐς
436 2661 662 2704 ἀντίδοσιν
704 2661 755 2703 fr.
781 2663 897 2715 221),
940 2676 996 2704 ne
1036 2662 1120 2703 hoc
1154 2660 1331 2717 quidem
1371 2660 1674 2715 fragmentum
1712 2660 1771 2701 illi
1809 2659 2052 2702 narrationi

358 2731 585 2774 vindicare
617 2731 841 2774 dubitabo.
896 2733 965 2774 Fr.
989 2735 1076 2773 450
1099 2731 1269 2787 Δελφὸς
1293 2733 1409 2787 ἀνὴρ
1432 2733 1537 2784 ἐμὸς
1561 2733 1783 2787 ῖεροεργός
1816 2730 1910 2786 ipse
1943 2731 2051 2773 deus

478 2908 503 2952 ¹)
532 2908 775 2943 Callimachus
801 2912 1004 2952 serpentem
1034 2908 1239 2954 Δέλφυναν
1270 2910 1461 2951 propterea
1495 2907 1598 2948 dixit,
1636 2907 1729 2949 quod
1762 2908 1799 2940 in
1834 2907 1965 2950 hymno
1991 2906 2052 2941 ho-

359 2967 489 3000 merico
508 2967 653 3009 Python
673 2978 743 3002 non
768 2969 915 3013 δράκων
942 2967 1002 3002 sed
1030 2969 1213 3013 δράκαινα
1241 2966 1284 3011 (v.
1305 2966 1387 3010 300)
1415 2966 1533 3000 dictus
1560 2969 1649 3000 erat.
1691 2966 1830 3000 Nomen
1851 2965 2053 3011 Δελφύνης

359 3024 493 3058 ideirco
520 3024 643 3059 fictum
670 3030 735 3069 est,
763 3031 805 3060 ut
829 3026 911 3060 inde
938 3037 1067 3060 nomen
1095 3026 1243 3071 Δελφοί
1268 3025 1504 3067 derivaretur,
1532 3027 1574 3058 ut,
1599 3024 1726 3059 Πυθώ
1753 3036 1774 3059 a
1799 3024 1974 3068 Pythone.
