2180 3482
580 222 633 258 De
659 222 762 258 Batti
788 222 920 258 fabulis
947 222 1097 258 theraea
1123 226 1160 257 et
1186 233 1362 266 cyrenaea
1734 223 1814 263 109

244 331 482 373 Cretenses
516 331 560 371 et
581 328 814 371 Insulanos
848 342 903 371 ex
930 328 1026 384 ipsa
1048 328 1296 370 fabularum
1321 327 1639 383 compositione
1672 327 1815 369 elucet

126 401 286 444 fabulis
313 402 367 444 de
390 400 667 455 Cyrenarum
693 398 936 454 originibus
965 412 1011 440 se
1034 413 1130 441 sero
1160 398 1462 450 immiscuisse,
1496 397 1539 439 id
1568 399 1635 439 est
1662 399 1818 452 postea

127 471 326 527 Cyrenas
367 469 543 514 venisse
585 484 718 524 quam
751 469 985 511 Theraeos.
1050 469 1180 510 Nunc
1219 468 1263 509 in
1296 469 1436 524 ipsam
1469 468 1523 510 de
1555 468 1684 509 Batto
1717 481 1816 508 nar-

125 541 341 584 rationem
374 539 649 596 inquiramus
683 553 975 593 cyrenensem
1016 543 1135 589 (nam
1166 540 1393 581 theraeam
1425 537 1645 581 noviciam
1678 551 1816 592 quan—

128 612 229 654 dam
262 611 398 653 fuisse
430 610 515 652 iam
550 624 573 652 e
606 609 936 665 comparatione
975 609 1216 665 apparuit);
1258 623 1371 664 quae
1410 623 1514 651 vero
1554 622 1644 649 non
1682 607 1818 649 tuisse

128 682 325 737 genuina
357 680 777 731 demonstravimus,
817 679 903 722 iam
937 680 1203 722 omittamus.
1258 681 1413 721 Battus
1445 679 1671 728 theraeus‚
1718 691 1818 719 cum

131 752 286 794 balbus
326 754 457 802 esset,
498 750 722 792 oraculum
765 749 1016 805 delphicum
1055 751 1109 792 de
1152 763 1262 792 voce
1304 749 1427 800 adiit;
1471 747 1629 803 Pythia
1660 747 1720 788 illi
1752 761 1818 789 re-

128 821 319 878 spondit,
371 824 421 863 ut
464 821 507 862 in
541 821 727 876 Libyam
774 820 990 863 coloniam
1032 821 1284 863 deduceret.
1348 819 1424 861 Ille
1464 833 1510 861 se
1551 818 1667 861 eludi
1700 820 1819 860 ratus

131 892 357 935 oraculum
398 891 610 946 neglexit.
675 890 787 933 Cum
821 905 926 933 vero
961 890 1147 933 Theraei
1186 890 1374 933 adversa
1412 889 1592 931 fortuna
1624 888 1691 930 usi
1723 902 1819 930 ora-

131 963 291 1015 culum,
335 963 454 1018 quod
496 961 577 1004 sibi
618 961 860 1004 remedium
901 961 1201 1017 portenderet,
1240 960 1593 1014 interrogassent
1631 972 1821 1015 cumque

129 1047 393 1090 responsum
427 1035 563 1084 esset,
604 1034 653 1074 ut
684 1032 815 1074 Batto
850 1031 1168 1073 auxiliarentur
1201 1029 1418 1072 coloniam
1452 1029 1495 1071 in
1529 1029 1715 1084 Libyam
1747 1029 1819 1070 de-

129 1105 330 1156 ductum,
363 1103 434 1145 hic
460 1103 646 1157 Libyam
678 1101 845 1144 invitus
876 1101 1035 1143 missus
1066 1103 1201 1156 atque
1230 1101 1409 1142 Plateae
1441 1099 1486 1141 in
1518 1099 1663 1141 insula
1695 1099 1822 1141 sedes

130 1174 346 1217 collocare
369 1176 550 1216 coactus
573 1175 652 1215 est.
706 1172 798 1213 Iam
821 1174 1033 1213 secuntur
1056 1185 1169 1226 quae
1191 1171 1390 1212 nondum
1413 1169 1611 1225 exposui.
1666 1168 1823 1211 Coloni

130 1244 317 1287 Theraei
354 1246 455 1299 post
493 1244 603 1285 duos
641 1256 796 1294 annos,
841 1256 941 1284 cum
979 1241 1031 1283 iis
1064 1242 1262 1283 nondum
1294 1254 1507 1297 prospere
1550 1241 1822 1291 succederet,

130 1329 280 1357 rursus
311 1314 535 1370 Delphum
568 1312 796 1355 miserunt.
859 1312 1016 1368 Apollo
1048 1311 1296 1367 respondit:

343 1388 389 1427 αἱ
421 1388 472 1427 τὺ
505 1386 611 1438 ἐμεῦ
644 1384 819 1440 Λιβύην
850 1384 1140 1440 μηλοτρόφον
1174 1384 1298 1435 οἶδας
1331 1385 1531 1436 ἄμεινον,

341 1458 403 1511 μὴ
437 1456 590 1498 ἐλθὼν
623 1456 854 1506 ἐλθόντος,
887 1457 1003 1510 ἄγαν
1035 1457 1204 1509 ἄγαμαι
1237 1456 1399 1509 σοφίην
1432 1468 1525 1503 σευ;

131 1526 191 1568 illi
236 1525 283 1567 in
336 1528 499 1568 terram
551 1525 857 1568 continentem
903 1523 1171 1579 transgressi
1222 1538 1300 1566 sex
1348 1537 1488 1565 annos
1540 1522 1659 1564 Aziri
1701 1522 1824 1564 habi-

131 1599 297 1649 tarunt,
330 1599 425 1638 tum
458 1596 513 1638 ad
544 1595 761 1651 Apollinis
792 1594 963 1637 fontem
995 1595 1151 1637 urbem
1184 1593 1384 1649 Cyrenas
1417 1593 1723 1636 condiderunt.

251 1667 505 1710 Herodotus
538 1680 585 1708 se
618 1680 706 1708 uno
740 1669 860 1708 certe
892 1666 988 1708 loco
1022 1665 1077 1707 ab
1111 1665 1314 1720 exemplo
1349 1679 1427 1707 suo
1457 1663 1700 1707 decessisse
1729 1663 1825 1719 ipse

136 1738 394 1781 confitetur:
436 1737 541 1780 dicit
580 1737 698 1780 enim
740 1739 785 1779 et
825 1738 1048 1779 Theraeos
1091 1738 1133 1779 et
1176 1736 1434 1791 Cyrenaeos
1472 1748 1653 1777 narrare
1694 1734 1824 1788 Poly-

134 1809 295 1852 mnesti
324 1823 461 1864 puero
493 1808 623 1850 balbo
651 1822 816 1850 nomen
844 1808 1024 1850 Βάττον
1046 1806 1301 1863 impositum
1329 1799 1438 1857 esse,
1470 1819 1517 1847 se
1540 1819 1646 1848 vero
1670 1804 1713 1846 id
1736 1818 1826 1846 non

135 1881 329 1931 credere,
364 1880 483 1935 quod
515 1878 597 1921 sibi
631 1880 907 1934 compertum
941 1877 997 1919 sit
1018 1881 1182 1934 βάττον
1204 1877 1399 1932 libycum
1421 1875 1538 1931 regis
1560 1875 1827 1919 vocabulum

135 1964 245 2002 esse,
284 1950 388 1992 inde
426 1949 551 2006 sequi
590 1952 639 1991 ut
673 1948 952 2004 Cyrenarum
992 1949 1232 2003 archegeta
1275 1947 1320 1989 in
1363 1947 1505 2001 Libya
1549 1946 1726 1988 demum
1766 1945 1828 1987 ita

135 2021 384 2077 appellatus
427 2020 496 2063 sit.
559 2020 619 2061 At
658 2019 702 2061 id
743 2020 924 2062 credere
964 2033 1055 2061 non
1095 2018 1225 2061 facile
1274 2017 1469 2060 animum
1515 2016 1764 2058 inducimus
1779 2015 1826 2070 1):

136 2094 303 2148 quanta
326 2091 444 2134 enim
469 2090 652 2134 levitate
675 2105 775 2132 cum
798 2103 953 2132 omnes
976 2089 1134 2132 Graeci
1161 2092 1256 2130 tum
1277 2087 1555 2144 potissimum
1577 2087 1828 2129 Herodotus

136 2176 271 2206 voces
310 2161 567 2218 peregrinas
608 2161 653 2202 in
695 2176 775 2203 sua
811 2160 977 2215 lingua,
1022 2160 1068 2201 in
1106 2159 1343 2215 peregrina
1380 2173 1482 2200 suas
1521 2171 1568 2200 se
1605 2156 1830 2200 invenisse

136 2232 472 2284 asseveraverit,
520 2232 636 2275 inter
676 2245 832 2274 omnes
870 2231 957 2273 iam
990 2233 1176 2273 constat.
1241 2229 1370 2282 Quod
1408 2228 1525 2284 regis
1564 2227 1830 2271 vocabulum

137 2304 405 2355 Herodotus,
438 2302 618 2358 linguae
649 2302 824 2357 libycae
855 2301 1052 2356 ignarus,
1093 2300 1313 2343 audiverit
1344 2300 1416 2343 vel
1448 2298 1596 2355 potius
1629 2312 1676 2341 se
1708 2297 1829 2340 audi-

138 2374 254 2417 visse
294 2373 627 2424 existimaverit,
671 2372 768 2428 quis
810 2372 897 2414 iam
939 2374 1006 2414 est
1048 2371 1123 2427 qui
1165 2370 1310 2413 norit?
1373 2370 1451 2412 Illa
1492 2371 1640 2411 autem
1680 2368 1831 2410 fabula

140 2444 261 2486 omni
293 2443 496 2486 acumine
530 2446 574 2486 et
605 2457 750 2499 paene
790 2457 923 2486 sensu
957 2445 1091 2493 caret,
1130 2441 1214 2483 nisi
1247 2442 1404 2483 Battus
1442 2453 1490 2482 re
1522 2453 1628 2483 vera
1658 2442 1828 2495 βάττος,

136 2515 294 2556 balbus
326 2514 422 2556 fuit.
482 2515 547 2556 Ea
580 2513 697 2556 enim
730 2513 832 2555 illuc
858 2514 1045 2568 spectat,
1079 2514 1129 2553 ut
1161 2511 1367 2554 ostendat
1395 2510 1620 2552 oraculum
1650 2510 1829 2551 Battum

137 2588 370 2640 rogantem
421 2583 570 2640 specie
624 2583 819 2636 elusisse,
877 2597 1034 2638 reapse
1088 2582 1127 2624 ei
1180 2580 1467 2633 satisfecisse;
1523 2580 1643 2622 illum
1699 2578 1829 2630 enim,

139 2655 266 2697 simul
305 2658 441 2711 atque
479 2655 525 2696 in
566 2654 753 2709 Libyam
792 2653 1060 2709 pervenerit,
1104 2654 1309 2694 sanatum
1350 2665 1459 2694 esse.
1531 2651 1624 2692 Iam
1657 2648 1830 2705 quaesi-

138 2726 253 2769 verit
291 2725 528 2782 quispiam:
575 2725 732 2778 „Unde
770 2724 813 2767 id
851 2724 982 2775 nosti,
1026 2723 1145 2779 quod
1182 2722 1435 2764 Herodotus
1474 2735 1563 2763 non
1604 2719 1828 2762 rettulit?“

138 2796 197 2838 At
207 2796 372 2839 referre
382 2811 474 2838 non
485 2796 661 2848 licebat,
680 2810 737 2838 ne
755 2796 934 2838 credere
954 2793 1145 2850 quidem,
1163 2792 1372 2849 quoniam
1385 2790 1655 2834 existimavit
1667 2803 1830 2832 nomen

258 2902 284 2946 ¹)
310 2902 391 2937 Non
416 2905 513 2936 recte
541 2902 582 2936 de
608 2902 674 2936 hoc
699 2902 843 2936 nomine
868 2900 1008 2934 iudicat
1033 2898 1232 2933 Maltenius
1257 2909 1290 2941 p.
1314 2898 1378 2932 101
1407 2897 1487 2931 adn.
1508 2896 1554 2930 ad
1580 2906 1662 2940 pag.
1685 2895 1753 2929 100
1776 2915 1831 2929 —-.

140 2960 256 3003 Quam
288 2960 434 3005 linguas
468 2961 644 2996 barbaras
679 2959 884 2994 Herodotus
919 2969 990 2992 non
1025 2957 1259 3000 intellexerit,
1295 2955 1454 2991 ostendit
1490 2955 1553 2989 Ed.
1579 2954 1713 2998 Meyer,
1748 2953 1832 2987 For-

139 3018 323 3063 schungen
349 3030 413 3053 zur
439 3019 539 3053 alten
565 3018 780 3053 Geschichte
806 3018 823 3052 I
842 3017 909 3051 192
921 3026 996 3059 sqq.
